<record><header><identifier>oai:alma.41SLSP_UGE:991000778669705502</identifier><datestamp>2023-03-01T01:09:43Z</datestamp><setSpec>uge_cmu_RapidILL_JOURNAL</setSpec><setSpec>uge_aobs_RapidILL_JOURNAL</setSpec><setSpec>uge_aaca_RapidILL_JOURNAL</setSpec><setSpec>uge_bcen_RapidILL_JOURNAL</setSpec><setSpec>uge_abbat_RapidILL_JOURNAL</setSpec><setSpec>uge_mail_RapidILL_JOURNAL</setSpec><setSpec>uge_dbu_RapidILL_JOURNAL</setSpec><setSpec>UNIGE_ALL</setSpec><setSpec>uge_abels_RapidILL_JOURNAL</setSpec><setSpec>uge_acar_RapidILL_JOURNAL</setSpec></header><metadata>
<record xmlns="http://www.loc.gov/MARC21/slim" xmlns:xsi="http://www.w3.org/2001/XMLSchema-instance" xsi:schemaLocation="http://www.loc.gov/MARC21/slim http://www.loc.gov/standards/marcxml/schema/MARC21slim.xsd"><leader>01741nas a2200349 c 4500</leader><controlfield tag="001">991000778669705502</controlfield><controlfield tag="005">20201225185220.0</controlfield><controlfield tag="008">900522c19809999ru || p|  ||| 0    0rus d</controlfield><datafield ind1=" " ind2=" " tag="035"><subfield code="a">(swissbib)084697458-41slsp_network</subfield></datafield><datafield ind1=" " ind2=" " tag="035"><subfield code="a">084697458</subfield><subfield code="9">ExL</subfield></datafield><datafield ind1=" " ind2=" " tag="035"><subfield code="a">(RERO)1246185-41slsp</subfield></datafield><datafield ind1=" " ind2=" " tag="035"><subfield code="a">(EXLNZ-41SLSP_NETWORK)991100821979705501</subfield></datafield><datafield ind1=" " ind2=" " tag="040"><subfield code="a">RERO labcud</subfield><subfield code="d">CH-ZuSLS</subfield></datafield><datafield ind1=" " ind2="7" tag="072"><subfield code="a">ru</subfield><subfield code="2">rero</subfield></datafield><datafield ind1="0" ind2="0" tag="245"><subfield code="6">880-01</subfield><subfield code="a">Moskovskie novosti</subfield><subfield code="b">MN = Moscow news = Les nouvelles de Moscou = Novades de Moscu</subfield></datafield><datafield ind1="0" ind2="0" tag="880"><subfield code="6">245-01/(N</subfield><subfield code="a">Московские новости</subfield><subfield code="b">МН = Moscow news = Les nouvelles de Moscou = Novades de Moscu</subfield></datafield><datafield ind1="1" ind2=" " tag="246"><subfield code="a">Moscow news</subfield></datafield><datafield ind1="1" ind2=" " tag="246"><subfield code="a">Nouvelles de Moscou</subfield></datafield><datafield ind1="1" ind2=" " tag="246"><subfield code="a">Novades de Moscu</subfield></datafield><datafield ind1="1" ind2=" " tag="246"><subfield code="6">880-02</subfield><subfield code="a">MN</subfield></datafield><datafield ind1="1" ind2=" " tag="880"><subfield code="6">246-02/(N</subfield><subfield code="a">МН</subfield></datafield><datafield ind1=" " ind2="1" tag="264"><subfield code="6">880-03</subfield><subfield code="a">Moskva</subfield><subfield code="b">Izdatelʹstvo agenstva pečati novosti</subfield></datafield><datafield ind1=" " ind2="1" tag="880"><subfield code="6">264-03/(N</subfield><subfield code="a">Москва</subfield><subfield code="b">Издательство агенства печати новости</subfield></datafield><datafield ind1=" " ind2=" " tag="300"><subfield code="c">30 cm</subfield></datafield><datafield ind1=" " ind2=" " tag="310"><subfield code="a">Hebdomadaire</subfield></datafield><datafield ind1=" " ind2=" " tag="336"><subfield code="b">txt</subfield><subfield code="2">rdacontent</subfield></datafield><datafield ind1=" " ind2=" " tag="337"><subfield code="b">n</subfield><subfield code="2">rdamedia</subfield></datafield><datafield ind1=" " ind2=" " tag="338"><subfield code="b">nc</subfield><subfield code="2">rdacarrier</subfield></datafield><datafield ind1="0" ind2=" " tag="362"><subfield code="a">No 1(1980)-763(1994) ; 764(1995)- = no 1(1995)-</subfield></datafield><datafield ind1=" " ind2=" " tag="580"><subfield code="a">Est une éd. en autre langue de: Moscow news : international ed. A pour suppl.: Business MN</subfield></datafield><datafield ind1="0" ind2=" " tag="775"><subfield code="t">Moscow news : international weekly</subfield></datafield><datafield ind1="0" ind2=" " tag="770"><subfield code="t">Business MN : ėkonomicheskoe obozrenie</subfield><subfield code="w">(RERO)1827017-41slsp</subfield></datafield><datafield ind1=" " ind2=" " tag="900"><subfield code="a">REROnoselfmerge</subfield></datafield></record>
</metadata></record>