<record><header><identifier>oai:alma.41SLSP_UGE:991000778769705502</identifier><datestamp>2023-03-01T01:09:43Z</datestamp><setSpec>uge_bcen_RapidILL_BOOK</setSpec><setSpec>uge_aaca_RapidILL_BOOK</setSpec><setSpec>uge_abels_RapidILL_BOOK</setSpec><setSpec>uge_dbu_RapidILL_BOOK</setSpec><setSpec>uge_cmu_RapidILL_BOOK</setSpec><setSpec>uge_mail_RapidILL_BOOK</setSpec><setSpec>UNIGE_ALL</setSpec><setSpec>uge_abbat_RapidILL_BOOK</setSpec><setSpec>uge_aobs_RapidILL_BOOK</setSpec><setSpec>uge_acar_RapidILL_BOOK</setSpec></header><metadata>
<record xmlns="http://www.loc.gov/MARC21/slim" xmlns:xsi="http://www.w3.org/2001/XMLSchema-instance" xsi:schemaLocation="http://www.loc.gov/MARC21/slim http://www.loc.gov/standards/marcxml/schema/MARC21slim.xsd"><leader>01082nam a22003012c 4500</leader><controlfield tag="001">991000778769705502</controlfield><controlfield tag="005">20201227165805.0</controlfield><controlfield tag="008">160726s1975    ag ||||| |||| 00| ||und d</controlfield><datafield ind1=" " ind2=" " tag="035"><subfield code="a">(swissbib)123096138-41slsp_network</subfield></datafield><datafield ind1=" " ind2=" " tag="035"><subfield code="a">123096138</subfield><subfield code="9">ExL</subfield></datafield><datafield ind1=" " ind2=" " tag="035"><subfield code="a">(RERO)R008478450-41slsp</subfield></datafield><datafield ind1=" " ind2=" " tag="035"><subfield code="a">(EXLNZ-41SLSP_NETWORK)991099401059705501</subfield></datafield><datafield ind1=" " ind2=" " tag="040"><subfield code="a">BDF</subfield><subfield code="b">fre</subfield><subfield code="e">ncafnor</subfield><subfield code="d">CH-ZuSLS</subfield></datafield><datafield ind1=" " ind2="7" tag="072"><subfield code="a">sp</subfield><subfield code="2">rero</subfield></datafield><datafield ind1="1" ind2=" " tag="100"><subfield code="a">Rosas, Juan Manuel de</subfield><subfield code="d">1793-1877</subfield><subfield code="0">(IDREF)029787475</subfield><subfield code="4">cre</subfield></datafield><datafield ind1="1" ind2="0" tag="245"><subfield code="a">Correspondencia entre Rosas</subfield><subfield code="b">Quiroga y López</subfield><subfield code="c">recopilación, notas y estudio preliminar de Enrique M. Barba</subfield></datafield><datafield ind1=" " ind2=" " tag="250"><subfield code="a">2a edición.</subfield></datafield><datafield ind1=" " ind2="1" tag="264"><subfield code="a">Buenos Aires</subfield><subfield code="b">Librería Hachette</subfield><subfield code="c">1975</subfield></datafield><datafield ind1=" " ind2=" " tag="300"><subfield code="a">388 p.</subfield><subfield code="b">fac-sím., couv. ill.</subfield><subfield code="c">21 cm</subfield></datafield><datafield ind1=" " ind2=" " tag="336"><subfield code="b">txt</subfield><subfield code="2">rdacontent</subfield></datafield><datafield ind1=" " ind2=" " tag="337"><subfield code="b">n</subfield><subfield code="2">rdamedia</subfield></datafield><datafield ind1=" " ind2=" " tag="338"><subfield code="b">nc</subfield><subfield code="2">rdacarrier</subfield></datafield><datafield ind1="0" ind2=" " tag="490"><subfield code="a">Colección &quot;El Pasado argentino&quot;</subfield></datafield><datafield ind1=" " ind2=" " tag="500"><subfield code="a">Notes bibliogr</subfield></datafield><datafield ind1="1" ind2=" " tag="700"><subfield code="a">Barba, Enrique M</subfield><subfield code="d">1909-</subfield><subfield code="0">(IDREF)029740746</subfield></datafield><datafield ind1="1" ind2=" " tag="700"><subfield code="a">López, Estanislao</subfield><subfield code="0">(RERO)A026536038</subfield></datafield><datafield ind1="1" ind2=" " tag="700"><subfield code="a">Quiroga, Juan Facundo</subfield><subfield code="0">(RERO)A026536039</subfield></datafield><datafield ind1=" " ind2=" " tag="900"><subfield code="a">REROnoselfmerge</subfield></datafield><datafield ind1=" " ind2=" " tag="910"><subfield code="a">OCoLC</subfield><subfield code="b">20160726</subfield><subfield code="c">Droits réservés</subfield></datafield></record>
</metadata></record>