<record><header><identifier>oai:alma.41SLSP_UGE:991000778649705502</identifier><datestamp>2023-03-01T01:09:43Z</datestamp><setSpec>uge_bcen_RapidILL_BOOK</setSpec><setSpec>uge_aaca_RapidILL_BOOK</setSpec><setSpec>uge_abels_RapidILL_BOOK</setSpec><setSpec>uge_dbu_RapidILL_BOOK</setSpec><setSpec>uge_cmu_RapidILL_BOOK</setSpec><setSpec>uge_mail_RapidILL_BOOK</setSpec><setSpec>UNIGE_ALL</setSpec><setSpec>uge_abbat_RapidILL_BOOK</setSpec><setSpec>uge_aobs_RapidILL_BOOK</setSpec><setSpec>uge_acar_RapidILL_BOOK</setSpec></header><metadata>
<record xmlns="http://www.loc.gov/MARC21/slim" xmlns:xsi="http://www.w3.org/2001/XMLSchema-instance" xsi:schemaLocation="http://www.loc.gov/MARC21/slim http://www.loc.gov/standards/marcxml/schema/MARC21slim.xsd"><leader>02559nam a2200349 c 4500</leader><controlfield tag="001">991000778649705502</controlfield><controlfield tag="005">20201222222831.0</controlfield><controlfield tag="008">111118s1969    le ||||| |||| 00| ||ara d</controlfield><datafield ind1=" " ind2=" " tag="035"><subfield code="a">(swissbib)114914826-41slsp_network</subfield></datafield><datafield ind1=" " ind2=" " tag="035"><subfield code="a">114914826</subfield><subfield code="9">ExL</subfield></datafield><datafield ind1=" " ind2=" " tag="035"><subfield code="a">(RERO)R006338825-41slsp</subfield></datafield><datafield ind1=" " ind2=" " tag="035"><subfield code="a">(EXLNZ-41SLSP_NETWORK)991091839019705501</subfield></datafield><datafield ind1=" " ind2=" " tag="040"><subfield code="a">RERO geular</subfield><subfield code="d">CH-ZuSLS</subfield></datafield><datafield ind1=" " ind2="7" tag="072"><subfield code="a">sm</subfield><subfield code="2">rero</subfield></datafield><datafield ind1="1" ind2=" " tag="100"><subfield code="6">880-01</subfield><subfield code="a">Bustānī, Fuʾād Afrām</subfield><subfield code="d">1905-1994</subfield><subfield code="0">(RERO)A021746101</subfield><subfield code="4">cre</subfield></datafield><datafield ind1="1" ind2=" " tag="880"><subfield code="6">100-01/(3/r</subfield><subfield code="a">بستاني، فؤاد أفرام</subfield><subfield code="d">1905-1994</subfield></datafield><datafield ind1="1" ind2="0" tag="245"><subfield code="6">880-02</subfield><subfield code="a">Abū al-ʿAlāʾ al-Maʿarrī</subfield><subfield code="b">Risāla al-ghufrān : dars wa muntakhabāt</subfield><subfield code="c">bi qalam Fuʾād Afrām al-Bustānī</subfield></datafield><datafield ind1="1" ind2="0" tag="880"><subfield code="6">245-02/(3/r</subfield><subfield code="a">أبو العلاء المعري</subfield><subfield code="b">رسالة الغفران : درس ومنتخبات</subfield><subfield code="c">بقلم فؤاد أفرام البستاني</subfield></datafield><datafield ind1=" " ind2=" " tag="250"><subfield code="6">880-03</subfield><subfield code="a">Ṭabʿa 6 munaqqaḥa wa mazīda ʿalayhā</subfield></datafield><datafield ind1=" " ind2=" " tag="880"><subfield code="6">250-03/(3/r</subfield><subfield code="a">طبعة 6 منقحة ومزيدة عليها</subfield></datafield><datafield ind1=" " ind2="1" tag="264"><subfield code="6">880-04</subfield><subfield code="a">Bayrūt</subfield><subfield code="b">[éditeur non identifié]</subfield><subfield code="c">1969</subfield></datafield><datafield ind1=" " ind2="1" tag="880"><subfield code="6">264-04/(3/r</subfield><subfield code="a">بيروت</subfield><subfield code="b">[éditeur non identifié]</subfield><subfield code="c">1969</subfield></datafield><datafield ind1=" " ind2="3" tag="264"><subfield code="6">880-05</subfield><subfield code="a">Bayrūt</subfield><subfield code="b">Al-maṭbaʿa al-kāthūlīkiyya</subfield></datafield><datafield ind1=" " ind2="3" tag="880"><subfield code="6">264-05/(3/r</subfield><subfield code="a">بيروت</subfield><subfield code="b">المطبعة الكاثوليكية</subfield></datafield><datafield ind1=" " ind2=" " tag="300"><subfield code="a">48 p.</subfield><subfield code="c">17 cm</subfield></datafield><datafield ind1=" " ind2=" " tag="336"><subfield code="b">txt</subfield><subfield code="2">rdacontent</subfield></datafield><datafield ind1=" " ind2=" " tag="337"><subfield code="b">n</subfield><subfield code="2">rdamedia</subfield></datafield><datafield ind1=" " ind2=" " tag="338"><subfield code="b">nc</subfield><subfield code="2">rdacarrier</subfield></datafield><datafield ind1="1" ind2=" " tag="490"><subfield code="6">880-06</subfield><subfield code="a">Al-rawāʾiʿ</subfield><subfield code="v">17</subfield></datafield><datafield ind1="0" ind2=" " tag="880"><subfield code="6">490-06/(3/r</subfield><subfield code="a">الروائع</subfield><subfield code="v">17</subfield></datafield><datafield ind1=" " ind2=" " tag="830"><subfield code="6">880-07</subfield><subfield code="a">&lt;&lt;al-&gt;&gt;Rawāʾiʿ</subfield><subfield code="v">17</subfield><subfield code="w">(RERO)R008555301-41slsp</subfield></datafield><datafield ind1=" " ind2="0" tag="880"><subfield code="6">830-07/(3/r</subfield><subfield code="a">&lt;&lt;ال&gt;&gt;روائع</subfield><subfield code="v">17</subfield></datafield><datafield ind1=" " ind2=" " tag="900"><subfield code="a">REROnoselfmerge</subfield></datafield></record>
</metadata></record>