<record><header><identifier>oai:alma.41SLSP_UGE:991000778029705502</identifier><datestamp>2023-08-03T00:18:03Z</datestamp><setSpec>uge_bcen_RapidILL_BOOK</setSpec><setSpec>uge_aaca_RapidILL_BOOK</setSpec><setSpec>uge_abels_RapidILL_BOOK</setSpec><setSpec>uge_dbu_RapidILL_BOOK</setSpec><setSpec>uge_cmu_RapidILL_BOOK</setSpec><setSpec>uge_mail_RapidILL_BOOK</setSpec><setSpec>uge_abbat_RapidILL_BOOK</setSpec><setSpec>UNIGE_ALL</setSpec><setSpec>uge_aobs_RapidILL_BOOK</setSpec><setSpec>uge_acar_RapidILL_BOOK</setSpec></header><metadata>
<record xmlns="http://www.loc.gov/MARC21/slim" xmlns:xsi="http://www.w3.org/2001/XMLSchema-instance" xsi:schemaLocation="http://www.loc.gov/MARC21/slim http://www.loc.gov/standards/marcxml/schema/MARC21slim.xsd"><leader>02103nam a2200505 c 4500</leader><controlfield tag="001">991000778029705502</controlfield><controlfield tag="005">20230414185801.0</controlfield><controlfield tag="008">201011s2008    gw |||||      00| ||ger| </controlfield><datafield ind1=" " ind2=" " tag="015"><subfield code="a">08,A49,2063</subfield><subfield code="z">08,N23,2701</subfield><subfield code="2">dnb</subfield></datafield><datafield ind1="7" ind2=" " tag="016"><subfield code="a">988707616</subfield><subfield code="2">DE-101</subfield></datafield><datafield ind1=" " ind2=" " tag="020"><subfield code="a">9783100155580</subfield><subfield code="q">Gewebe</subfield><subfield code="c">EUR 16.90, sfr 30.60 (freier Pr.)</subfield></datafield><datafield ind1="3" ind2=" " tag="024"><subfield code="a">9783100155580</subfield></datafield><datafield ind1=" " ind2=" " tag="035"><subfield code="a">(swissbib)224741209-41slsp_network</subfield></datafield><datafield ind1=" " ind2=" " tag="035"><subfield code="a">224741209</subfield><subfield code="9">ExL</subfield></datafield><datafield ind1=" " ind2=" " tag="035"><subfield code="a">(IDSLU)001349855ILU01</subfield></datafield><datafield ind1=" " ind2=" " tag="035"><subfield code="a">(RERO)R006076546-41slsp</subfield></datafield><datafield ind1=" " ind2=" " tag="035"><subfield code="a">(DE-599)DNB988707616</subfield></datafield><datafield ind1=" " ind2=" " tag="035"><subfield code="a">(OCoLC)276775763</subfield></datafield><datafield ind1=" " ind2=" " tag="035"><subfield code="a">(EXLNZ-41SLSP_NETWORK)991105896199705501</subfield></datafield><datafield ind1=" " ind2=" " tag="040"><subfield code="a">1245</subfield><subfield code="b">ger</subfield><subfield code="e">rda</subfield><subfield code="d">CH-ZuSLS</subfield></datafield><datafield ind1="0" ind2=" " tag="041"><subfield code="a">ger</subfield></datafield><datafield ind1=" " ind2="7" tag="072"><subfield code="a">592</subfield><subfield code="2">IDS LU</subfield></datafield><datafield ind1=" " ind2="7" tag="072"><subfield code="a">al</subfield><subfield code="2">rero</subfield></datafield><datafield ind1=" " ind2=" " tag="084"><subfield code="a">GM 2893</subfield><subfield code="2">rvk</subfield></datafield><datafield ind1="1" ind2=" " tag="100"><subfield code="a">Döblin, Alfred</subfield><subfield code="d">1878-1957</subfield><subfield code="0">(DE-588)118526200</subfield><subfield code="4">aut</subfield><subfield code="6">880-01</subfield></datafield><datafield ind1="1" ind2=" " tag="880"><subfield code="6">100-01</subfield><subfield code="a">Döblin, Alfred</subfield><subfield code="d">1878-1957</subfield><subfield code="0">(IDREF)027379574</subfield><subfield code="4">cre</subfield></datafield><datafield ind1="1" ind2="0" tag="245"><subfield code="a">Pardon wird nicht gegeben</subfield><subfield code="b">Roman</subfield><subfield code="c">Alfred Döblin</subfield></datafield><datafield ind1=" " ind2="1" tag="264"><subfield code="a">Frankfurt am Main</subfield><subfield code="b">S. Fischer</subfield><subfield code="c">[2008]</subfield></datafield><datafield ind1=" " ind2=" " tag="300"><subfield code="a">387 Seiten</subfield><subfield code="c">21 cm</subfield></datafield><datafield ind1=" " ind2=" " tag="336"><subfield code="b">txt</subfield><subfield code="2">rdacontent</subfield></datafield><datafield ind1=" " ind2=" " tag="337"><subfield code="b">n</subfield><subfield code="2">rdamedia</subfield></datafield><datafield ind1=" " ind2=" " tag="338"><subfield code="b">nc</subfield><subfield code="2">rdacarrier</subfield></datafield><datafield ind1="1" ind2=" " tag="490"><subfield code="a">[Ausgewählte Werke in Einzelbänden / Alfred Döblin]</subfield></datafield><datafield ind1=" " ind2=" " tag="500"><subfield code="a">Die vorliegende Ausg. ist textidentisch mit der Ausg. von 1960 (Olten): 'Ausgewählte Werke in Einzelbänden'</subfield></datafield><datafield ind1=" " ind2="7" tag="650"><subfield code="a">Karriere</subfield><subfield code="0">(DE-588)4073274-5</subfield><subfield code="2">gnd</subfield></datafield><datafield ind1=" " ind2="7" tag="650"><subfield code="a">Suizidversuch</subfield><subfield code="0">(DE-588)4137786-2</subfield><subfield code="2">gnd</subfield></datafield><datafield ind1=" " ind2="7" tag="650"><subfield code="a">Sohn</subfield><subfield code="0">(DE-588)4203420-6</subfield><subfield code="2">gnd</subfield></datafield><datafield ind1=" " ind2="7" tag="650"><subfield code="a">Weltwirtschaftskrise</subfield><subfield code="g">1929-1932</subfield><subfield code="0">(DE-588)4079171-3</subfield><subfield code="2">gnd</subfield></datafield><datafield ind1=" " ind2="7" tag="650"><subfield code="a">Witwe</subfield><subfield code="0">(DE-588)4066678-5</subfield><subfield code="2">gnd</subfield></datafield><datafield ind1=" " ind2="7" tag="651"><subfield code="a">Berlin</subfield><subfield code="0">(DE-588)4005728-8</subfield><subfield code="2">gnd</subfield></datafield><datafield ind1=" " ind2="7" tag="655"><subfield code="a">Fiktionale Darstellung</subfield><subfield code="2">gnd-content</subfield></datafield><datafield ind1="4" ind2=" " tag="856"><subfield code="3">Inhaltsverzeichnis</subfield><subfield code="u">https://www.ub.unibas.ch/tox/IDSLUZ/001349855/PDF</subfield><subfield code="q">pdf</subfield></datafield><datafield ind1="4" ind2="2" tag="856"><subfield code="q">text/html</subfield><subfield code="u">http://deposit.dnb.de/cgi-bin/dokserv?id=3107688&amp;prov=M&amp;dok_var=1&amp;dok_ext=htm</subfield><subfield code="z">Inhaltstext</subfield></datafield><datafield ind1="1" ind2=" " tag="800"><subfield code="a">Döblin, Alfred</subfield><subfield code="d">1878-1957</subfield><subfield code="t">Ausgewählte Werke in Einzelbänden</subfield></datafield><datafield ind1=" " ind2=" " tag="949"><subfield code="a">https://www.ub.unibas.ch/tox/IDSLUZ/001349855/PDF</subfield></datafield><datafield ind1=" " ind2=" " tag="949"><subfield code="a">http://deposit.dnb.de/cgi-bin/dokserv?id=3107688&amp;prov=M&amp;dok_var=1&amp;dok_ext=htm</subfield></datafield></record>
</metadata></record>