<record><header><identifier>oai:alma.41SLSP_UGE:991000778339705502</identifier><datestamp>2023-03-01T01:09:43Z</datestamp><setSpec>uge_bcen_RapidILL_BOOK</setSpec><setSpec>uge_aaca_RapidILL_BOOK</setSpec><setSpec>uge_abels_RapidILL_BOOK</setSpec><setSpec>uge_dbu_RapidILL_BOOK</setSpec><setSpec>uge_cmu_RapidILL_BOOK</setSpec><setSpec>uge_mail_RapidILL_BOOK</setSpec><setSpec>UNIGE_ALL</setSpec><setSpec>uge_abbat_RapidILL_BOOK</setSpec><setSpec>uge_aobs_RapidILL_BOOK</setSpec><setSpec>uge_acar_RapidILL_BOOK</setSpec></header><metadata>
<record xmlns="http://www.loc.gov/MARC21/slim" xmlns:xsi="http://www.w3.org/2001/XMLSchema-instance" xsi:schemaLocation="http://www.loc.gov/MARC21/slim http://www.loc.gov/standards/marcxml/schema/MARC21slim.xsd"><leader>01558nam a2200325 c 4500</leader><controlfield tag="001">991000778339705502</controlfield><controlfield tag="005">20201229221740.0</controlfield><controlfield tag="008">201011s1974    xxu||||| |||| 10| ||eng d</controlfield><datafield ind1=" " ind2=" " tag="035"><subfield code="a">(swissbib)217841724-41slsp_network</subfield></datafield><datafield ind1=" " ind2=" " tag="035"><subfield code="a">217841724</subfield><subfield code="9">ExL</subfield></datafield><datafield ind1=" " ind2=" " tag="035"><subfield code="a">(RERO)R244513360-41slsp</subfield></datafield><datafield ind1=" " ind2=" " tag="035"><subfield code="a">(NEBIS)004111763EBI01</subfield></datafield><datafield ind1=" " ind2=" " tag="035"><subfield code="a">(EXLNZ-41SLSP_NETWORK)991018900979705501</subfield></datafield><datafield ind1=" " ind2=" " tag="040"><subfield code="a">RERO geussc</subfield><subfield code="d">CH-ZuSLS</subfield></datafield><datafield ind1=" " ind2="7" tag="072"><subfield code="a">ch</subfield><subfield code="2">rero</subfield></datafield><datafield ind1="0" ind2="0" tag="245"><subfield code="a">Ion-containing polymers</subfield><subfield code="b">[symposium] sponsored by the Division of Polymer Chemistry of the American Chemical Society at their 166th Meeting, Chicago, Illinois, August 26-27 1973</subfield><subfield code="c">ed. by A. Eisenberg</subfield></datafield><datafield ind1=" " ind2="1" tag="264"><subfield code="a">New York [etc.]</subfield><subfield code="b">J. Wiley</subfield><subfield code="c">1974</subfield></datafield><datafield ind1=" " ind2=" " tag="300"><subfield code="a">VI, 229 p.</subfield><subfield code="b">ill.</subfield><subfield code="c">26 cm</subfield></datafield><datafield ind1=" " ind2=" " tag="336"><subfield code="b">txt</subfield><subfield code="2">rdacontent</subfield></datafield><datafield ind1=" " ind2=" " tag="337"><subfield code="b">n</subfield><subfield code="2">rdamedia</subfield></datafield><datafield ind1=" " ind2=" " tag="338"><subfield code="b">nc</subfield><subfield code="2">rdacarrier</subfield></datafield><datafield ind1="1" ind2=" " tag="490"><subfield code="a">Journal of polymer science. Polymer symposia</subfield><subfield code="v">no. 45</subfield></datafield><datafield ind1=" " ind2=" " tag="500"><subfield code="a">An Interscience publication</subfield></datafield><datafield ind1=" " ind2=" " tag="500"><subfield code="a">&quot;Sponsored by the Division of Polymer Chemistry of the American Chemical Society at their 166th meeting, Chicago, Illinois, August 26-27, 1973&quot;</subfield></datafield><datafield ind1=" " ind2="7" tag="655"><subfield code="a">Konferenzschrift</subfield><subfield code="z">Chicago (IL)</subfield><subfield code="y">1973</subfield><subfield code="2">gnd-content</subfield></datafield><datafield ind1="1" ind2=" " tag="700"><subfield code="a">Eisenberg, A</subfield><subfield code="0">(RERO)A005519697</subfield></datafield><datafield ind1="2" ind2=" " tag="710"><subfield code="a">American Chemical Society</subfield><subfield code="b">Division of Polymer Chemistry</subfield><subfield code="b">Symposium</subfield><subfield code="d">1973</subfield><subfield code="c">Chicago</subfield><subfield code="0">(RERO)A012426228</subfield><subfield code="6">880-03</subfield></datafield><datafield ind1="2" ind2=" " tag="880"><subfield code="a">American Chemical Society</subfield><subfield code="b">Division of Polymer Chemistry</subfield><subfield code="0">(DE-588)55415-7</subfield><subfield code="6">710-03</subfield></datafield><datafield ind1="2" ind2=" " tag="711"><subfield code="a">American Chemical Society</subfield><subfield code="e">Meeting</subfield><subfield code="0">(DE-588)1091869421</subfield></datafield><datafield ind1=" " ind2=" " tag="830"><subfield code="a">Journal of polymer science</subfield><subfield code="p">Polymer symposia</subfield><subfield code="v">45</subfield><subfield code="w">(RERO)R242860360-41slsp</subfield></datafield><datafield ind1=" " ind2=" " tag="900"><subfield code="a">REROnoselfmerge</subfield></datafield></record>
</metadata></record>