<record><header><identifier>oai:alma.41SLSP_UGE:991000778689705502</identifier><datestamp>2023-11-25T02:58:56Z</datestamp><setSpec>uge_bcen_RapidILL_BOOK</setSpec><setSpec>uge_aaca_RapidILL_BOOK</setSpec><setSpec>uge_abels_RapidILL_BOOK</setSpec><setSpec>uge_dbu_RapidILL_BOOK</setSpec><setSpec>uge_cmu_RapidILL_BOOK</setSpec><setSpec>uge_mail_RapidILL_BOOK</setSpec><setSpec>uge_abbat_RapidILL_BOOK</setSpec><setSpec>UNIGE_ALL</setSpec><setSpec>uge_acar_RapidILL_BOOK</setSpec><setSpec>uge_aobs_RapidILL_BOOK</setSpec></header><metadata>
<record xmlns="http://www.loc.gov/MARC21/slim" xmlns:xsi="http://www.w3.org/2001/XMLSchema-instance" xsi:schemaLocation="http://www.loc.gov/MARC21/slim http://www.loc.gov/standards/marcxml/schema/MARC21slim.xsd"><leader>01335naa a2200289 c 4500</leader><controlfield tag="001">991000778689705502</controlfield><controlfield tag="005">20230630210707.0</controlfield><controlfield tag="008">040416s2003    sz ||||| |||| 00| |0ger d</controlfield><datafield ind1=" " ind2=" " tag="035"><subfield code="a">(swissbib)100470742-41slsp_network</subfield></datafield><datafield ind1=" " ind2=" " tag="035"><subfield code="a">100470742</subfield><subfield code="9">ExL</subfield></datafield><datafield ind1=" " ind2=" " tag="035"><subfield code="a">(RERO)R003619181-41slsp</subfield></datafield><datafield ind1=" " ind2=" " tag="035"><subfield code="a">(ALEX)bv081802260</subfield></datafield><datafield ind1=" " ind2=" " tag="035"><subfield code="a">(EXLNZ-41SLSP_NETWORK)991093204789705501</subfield></datafield><datafield ind1=" " ind2=" " tag="040"><subfield code="a">RERO neubfd</subfield><subfield code="d">CH-ZuSLS</subfield></datafield><datafield ind1=" " ind2=" " tag="044"><subfield code="a">sz</subfield><subfield code="c">ch-be</subfield></datafield><datafield ind1=" " ind2="7" tag="072"><subfield code="a">dr</subfield><subfield code="2">rero</subfield></datafield><datafield ind1=" " ind2=" " tag="084"><subfield code="a">A 89.7 i</subfield><subfield code="2">cjurrom</subfield></datafield><datafield ind1=" " ind2=" " tag="084"><subfield code="a">A 90.2 i</subfield><subfield code="2">cjurrom</subfield></datafield><datafield ind1="1" ind2=" " tag="100"><subfield code="a">Knecht, Thomas</subfield><subfield code="0">(RERO)A003461489</subfield><subfield code="4">cre</subfield></datafield><datafield ind1="1" ind2="0" tag="245"><subfield code="a">Metamphetamin, eine neu lancierte Aktivdroge als kriminogener Faktor</subfield><subfield code="b">kriminologische und forensisch-psychiatrische Aspekte eines gefährlichen Stimulans</subfield><subfield code="c">Thomas Knecht</subfield></datafield><datafield ind1=" " ind2=" " tag="336"><subfield code="b">txt</subfield><subfield code="2">rdacontent</subfield></datafield><datafield ind1=" " ind2=" " tag="337"><subfield code="b">n</subfield><subfield code="2">rdamedia</subfield></datafield><datafield ind1=" " ind2=" " tag="338"><subfield code="b">nc</subfield><subfield code="2">rdacarrier</subfield></datafield><datafield ind1=" " ind2=" " tag="580"><subfield code="a">In: Schweizerische Zeitschrift für Kriminologie. - Bern. - 2003, H. 1, S. 3-12</subfield></datafield><datafield ind1=" " ind2="7" tag="650"><subfield code="a">Kriminologie</subfield><subfield code="9">ger</subfield><subfield code="0">(RERO)jurivoc000013658ger</subfield><subfield code="2">jurivoc</subfield></datafield><datafield ind1=" " ind2="7" tag="650"><subfield code="a">Betäubungsmittel</subfield><subfield code="9">ger</subfield><subfield code="0">(RERO)jurivoc000003682ger</subfield><subfield code="2">jurivoc</subfield></datafield><datafield ind1=" " ind2="7" tag="650"><subfield code="a">Amphetamin</subfield><subfield code="9">ger</subfield><subfield code="0">(RERO)jurivoc000000957ger</subfield><subfield code="2">jurivoc</subfield></datafield><datafield ind1=" " ind2="7" tag="650"><subfield code="a">Doping</subfield><subfield code="9">ger</subfield><subfield code="0">(RERO)jurivoc000005798ger</subfield><subfield code="2">jurivoc</subfield></datafield><datafield ind1="0" ind2=" " tag="773"><subfield code="t">Schweizerische Zeitschrift für Kriminologie = Revue suisse de criminologie = Rivista svizzera di criminologia = Swiss journal of criminology</subfield><subfield code="g">2003/1/3</subfield><subfield code="g">yr:2003</subfield><subfield code="w">(RERO)R003247343-41slsp</subfield></datafield></record>
</metadata></record>