<record><header><identifier>oai:alma.41SLSP_UGE:991000778269705502</identifier><datestamp>2023-09-30T00:51:41Z</datestamp><setSpec>uge_bcen_RapidILL_BOOK</setSpec><setSpec>uge_aaca_RapidILL_BOOK</setSpec><setSpec>uge_abels_RapidILL_BOOK</setSpec><setSpec>uge_dbu_RapidILL_BOOK</setSpec><setSpec>uge_cmu_RapidILL_BOOK</setSpec><setSpec>uge_mail_RapidILL_BOOK</setSpec><setSpec>uge_abbat_RapidILL_BOOK</setSpec><setSpec>UNIGE_ALL</setSpec><setSpec>uge_aobs_RapidILL_BOOK</setSpec><setSpec>uge_acar_RapidILL_BOOK</setSpec></header><metadata>
<record xmlns="http://www.loc.gov/MARC21/slim" xmlns:xsi="http://www.w3.org/2001/XMLSchema-instance" xsi:schemaLocation="http://www.loc.gov/MARC21/slim http://www.loc.gov/standards/marcxml/schema/MARC21slim.xsd"><leader>01988nam a2200529 c 4500</leader><controlfield tag="001">991000778269705502</controlfield><controlfield tag="005">20230929142425.0</controlfield><controlfield tag="008">201011s2018    xxk           00| | eng  </controlfield><datafield ind1=" " ind2=" " tag="020"><subfield code="a">9780856982316</subfield></datafield><datafield ind1=" " ind2=" " tag="035"><subfield code="a">(swissbib)224566075-41slsp_network</subfield></datafield><datafield ind1=" " ind2=" " tag="035"><subfield code="a">224566075</subfield><subfield code="9">ExL</subfield></datafield><datafield ind1=" " ind2=" " tag="035"><subfield code="a">(IDSBB)006812855DSV01</subfield></datafield><datafield ind1=" " ind2=" " tag="035"><subfield code="a">(RERO)R008862481-41slsp</subfield></datafield><datafield ind1=" " ind2=" " tag="035"><subfield code="a">(EXLNZ-41SLSP_NETWORK)991024322339705501</subfield></datafield><datafield ind1=" " ind2=" " tag="040"><subfield code="a">SzZuIDS BS/BE A100</subfield><subfield code="b">ger</subfield><subfield code="e">rda</subfield><subfield code="d">CH-ZuSLS</subfield></datafield><datafield ind1="1" ind2=" " tag="041"><subfield code="a">eng</subfield><subfield code="a">grc</subfield><subfield code="h">grc</subfield></datafield><datafield ind1=" " ind2="7" tag="072"><subfield code="a">ag</subfield><subfield code="2">SzZuIDS BS/BE</subfield></datafield><datafield ind1=" " ind2="7" tag="072"><subfield code="a">gr</subfield><subfield code="2">rero</subfield></datafield><datafield ind1="1" ind2=" " tag="080"><subfield code="a">87(093)</subfield></datafield><datafield ind1="0" ind2="0" tag="082"><subfield code="a">091</subfield><subfield code="2">19</subfield></datafield><datafield ind1="1" ind2="4" tag="082"><subfield code="a">930</subfield><subfield code="2">15</subfield></datafield><datafield ind1="1" ind2="4" tag="082"><subfield code="a">880</subfield><subfield code="2">15</subfield></datafield><datafield ind1="1" ind2="4" tag="082"><subfield code="a">870</subfield><subfield code="2">15</subfield></datafield><datafield ind1=" " ind2=" " tag="084"><subfield code="a">FH 18000</subfield><subfield code="2">rvk</subfield></datafield><datafield ind1=" " ind2=" " tag="084"><subfield code="a">ND 3930</subfield><subfield code="2">rvk</subfield></datafield><datafield ind1=" " ind2=" " tag="084"><subfield code="a">PV 213</subfield><subfield code="2">rvk</subfield></datafield><datafield ind1="0" ind2="0" tag="245"><subfield code="a">[Nos. 5344-5403]</subfield><subfield code="c">edited with translations and notes by P.J. Parsons, N. Gonis ; with contributions by W.E.H. Cockle [und 10 anderen]</subfield></datafield><datafield ind1=" " ind2="1" tag="264"><subfield code="a">London</subfield><subfield code="b">The Egypt Exploration Society</subfield><subfield code="c">2018</subfield></datafield><datafield ind1=" " ind2=" " tag="300"><subfield code="a">230 Seiten</subfield><subfield code="b">Illustrationen</subfield></datafield><datafield ind1=" " ind2=" " tag="336"><subfield code="b">txt</subfield><subfield code="2">rdacontent</subfield></datafield><datafield ind1=" " ind2=" " tag="337"><subfield code="b">n</subfield><subfield code="2">rdamedia</subfield></datafield><datafield ind1=" " ind2=" " tag="338"><subfield code="b">nc</subfield><subfield code="2">rdacarrier</subfield></datafield><datafield ind1="1" ind2=" " tag="490"><subfield code="a">The Oxyrhynchus papyri</subfield><subfield code="v">volume 83</subfield></datafield><datafield ind1="1" ind2=" " tag="490"><subfield code="a">Graeco-Roman memoirs</subfield><subfield code="v">No. 104</subfield></datafield><datafield ind1="0" ind2="0" tag="630"><subfield code="a">Oxyrhynchus papyri</subfield></datafield><datafield ind1=" " ind2="0" tag="650"><subfield code="a">Manuscripts, Greek (Papyri)</subfield><subfield code="z">Egypt</subfield><subfield code="z">Bahnasā</subfield></datafield><datafield ind1=" " ind2="0" tag="650"><subfield code="a">Manuscripts, Greek (Papyri)</subfield><subfield code="v">Facsimiles</subfield></datafield><datafield ind1=" " ind2="0" tag="651"><subfield code="a">Bahnasā (Egypt)</subfield><subfield code="x">Antiquities</subfield></datafield><datafield ind1="1" ind2=" " tag="700"><subfield code="a">Parsons, Peter John</subfield><subfield code="d">1936-2022</subfield><subfield code="0">(IDREF)077744128</subfield><subfield code="4">edt</subfield></datafield><datafield ind1="1" ind2=" " tag="700"><subfield code="a">Parsons, Peter J.</subfield><subfield code="d">1936-2022</subfield><subfield code="0">(DE-588)137536747</subfield><subfield code="4">edt</subfield></datafield><datafield ind1="1" ind2=" " tag="700"><subfield code="a">Cockle, W. E. H.</subfield><subfield code="d">1939-</subfield><subfield code="0">(DE-588)1162633972</subfield><subfield code="4">aut</subfield></datafield><datafield ind1="4" ind2=" " tag="856"><subfield code="3">Inhaltsverzeichnis</subfield><subfield code="u">http://www.ub.unibas.ch/tox/HBZ/HT019713397/PDF</subfield><subfield code="q">pdf</subfield></datafield><datafield ind1=" " ind2="0" tag="830"><subfield code="a">Graeco-Roman memoirs</subfield><subfield code="v">104</subfield><subfield code="w">(RERO)0127681-41slsp</subfield></datafield><datafield ind1=" " ind2="0" tag="830"><subfield code="a">&lt;&lt;The&gt;&gt; Oxyrhynchus papyri</subfield><subfield code="v">83</subfield><subfield code="w">(RERO)0180157-41slsp</subfield></datafield><datafield ind1=" " ind2="0" tag="830"><subfield code="a">Graeco-Roman memoirs</subfield><subfield code="v">104</subfield><subfield code="w">(IDSBB)000018984DSV01</subfield></datafield><datafield ind1=" " ind2="0" tag="830"><subfield code="a">&lt;&lt;The&gt;&gt; Oxyrhynchus papyri</subfield><subfield code="v">83</subfield><subfield code="w">(IDSBB)000032027DSV01</subfield></datafield><datafield ind1=" " ind2=" " tag="900"><subfield code="a">Stoppsignal FRED</subfield></datafield><datafield ind1=" " ind2=" " tag="949"><subfield code="a">http://www.ub.unibas.ch/tox/HBZ/HT019713397/PDF</subfield></datafield></record>
</metadata></record>