<record><header><identifier>oai:alma.41SLSP_UGE:991000778069705502</identifier><datestamp>2024-04-13T00:13:53Z</datestamp><setSpec>uge_bcen_RapidILL_BOOK</setSpec><setSpec>uge_aaca_RapidILL_BOOK</setSpec><setSpec>uge_abels_RapidILL_BOOK</setSpec><setSpec>uge_dbu_RapidILL_BOOK</setSpec><setSpec>uge_cmu_RapidILL_BOOK</setSpec><setSpec>uge_mail_RapidILL_BOOK</setSpec><setSpec>uge_abbat_RapidILL_BOOK</setSpec><setSpec>UNIGE_ALL</setSpec><setSpec>uge_acar_RapidILL_BOOK</setSpec><setSpec>uge_aobs_RapidILL_BOOK</setSpec></header><metadata>
<record xmlns="http://www.loc.gov/MARC21/slim" xmlns:xsi="http://www.w3.org/2001/XMLSchema-instance" xsi:schemaLocation="http://www.loc.gov/MARC21/slim http://www.loc.gov/standards/marcxml/schema/MARC21slim.xsd"><leader>01465nam a2200349 c 4500</leader><controlfield tag="001">991000778069705502</controlfield><controlfield tag="005">20230704201504.0</controlfield><controlfield tag="008">000719r19851565it |a||| |||| 00| ||lat d</controlfield><datafield ind1="7" ind2=" " tag="024"><subfield code="a">http://catalogue.bnf.fr/ark:/12148/cb374428298</subfield><subfield code="2">uri</subfield></datafield><datafield ind1=" " ind2=" " tag="035"><subfield code="a">(swissbib)093923252-41slsp_network</subfield></datafield><datafield ind1=" " ind2=" " tag="035"><subfield code="a">093923252</subfield><subfield code="9">ExL</subfield></datafield><datafield ind1=" " ind2=" " tag="035"><subfield code="a">(RERO)R240627360-41slsp</subfield></datafield><datafield ind1=" " ind2=" " tag="035"><subfield code="a">(EXLNZ-41SLSP_NETWORK)991069340189705501</subfield></datafield><datafield ind1=" " ind2=" " tag="040"><subfield code="a">RERO geuhim</subfield><subfield code="b">ger</subfield><subfield code="e">rda</subfield><subfield code="d">CH-ZuSLS UZB UMLS</subfield></datafield><datafield ind1=" " ind2="7" tag="072"><subfield code="a">me</subfield><subfield code="2">rero</subfield></datafield><datafield ind1="7" ind2="4" tag="082"><subfield code="a">870</subfield><subfield code="2">23sdnb</subfield></datafield><datafield ind1="1" ind2=" " tag="100"><subfield code="6">880-01</subfield><subfield code="a">Petrus</subfield><subfield code="c">de Abano</subfield><subfield code="0">(RERO)A000129876</subfield><subfield code="4">cre</subfield></datafield><datafield ind1="1" ind2=" " tag="880"><subfield code="a">Petrus</subfield><subfield code="c">von Abano</subfield><subfield code="d">1250-1316</subfield><subfield code="6">100-01/(B</subfield><subfield code="4">aut</subfield><subfield code="0">(DE-588)118889443</subfield></datafield><datafield ind1="1" ind2="0" tag="245"><subfield code="a">Conciliator</subfield><subfield code="c">Pietro d'Abano ; a cura di Ezio Riondato e Luigi Olivieri</subfield></datafield><datafield ind1=" " ind2=" " tag="250"><subfield code="a">Ristampa fotomeccanica dell'edizione Venetiis apud Iuntas 1565</subfield></datafield><datafield ind1=" " ind2="1" tag="264"><subfield code="a">Padova</subfield><subfield code="b">Editrice Antenore</subfield><subfield code="c">1985</subfield></datafield><datafield ind1=" " ind2=" " tag="300"><subfield code="a">XI, 275 Seiten</subfield><subfield code="b">Illustrationen</subfield></datafield><datafield ind1=" " ind2=" " tag="336"><subfield code="b">txt</subfield><subfield code="2">rdacontent</subfield></datafield><datafield ind1=" " ind2=" " tag="337"><subfield code="b">n</subfield><subfield code="2">rdamedia</subfield></datafield><datafield ind1=" " ind2=" " tag="338"><subfield code="b">nc</subfield><subfield code="2">rdacarrier</subfield></datafield><datafield ind1="1" ind2=" " tag="490"><subfield code="a">&lt;&lt;I&gt;&gt; Filosofi veneti. Sezione 2, Ristampe 1</subfield></datafield><datafield ind1=" " ind2=" " tag="534"><subfield code="p">Reprod. de l'éd. de:</subfield><subfield code="c">Venetiis : Iuntas, 1565</subfield></datafield><datafield ind1="1" ind2=" " tag="700"><subfield code="6">880-03</subfield><subfield code="a">Riondato, Ezio</subfield><subfield code="0">(IDREF)03259996X</subfield></datafield><datafield ind1="1" ind2=" " tag="880"><subfield code="6">700-03/(B</subfield><subfield code="a">Riondato, Ezio</subfield><subfield code="d">1921-2004</subfield><subfield code="4">edt</subfield><subfield code="0">(DE-588)1072160579</subfield></datafield><datafield ind1="1" ind2=" " tag="700"><subfield code="a">Olivieri, Luigi</subfield><subfield code="4">edt</subfield><subfield code="0">(DE-588)135816688</subfield></datafield><datafield ind1=" " ind2=" " tag="830"><subfield code="6">880-02</subfield><subfield code="a">&lt;&lt;I&gt;&gt; filosofi veneti</subfield><subfield code="p">Sezione 2</subfield><subfield code="p">Ristampe</subfield><subfield code="w">(RERO)R240626060-41slsp</subfield></datafield><datafield ind1=" " ind2=" " tag="880"><subfield code="6">830-02/(B</subfield><subfield code="a">&lt;&lt;I&gt;&gt; filosofi veneti</subfield><subfield code="p">Sezione 2</subfield><subfield code="p">Ristampe 1</subfield><subfield code="w">991069340089705501</subfield></datafield><datafield ind1=" " ind2=" " tag="900"><subfield code="a">REROnoselfmerge</subfield></datafield></record>
</metadata></record>