<record><header><identifier>oai:alma.41SLSP_UGE:991000778589705502</identifier><datestamp>2023-03-01T01:09:43Z</datestamp><setSpec>UNIGE_ALL</setSpec></header><metadata>
<record xmlns="http://www.loc.gov/MARC21/slim" xmlns:xsi="http://www.w3.org/2001/XMLSchema-instance" xsi:schemaLocation="http://www.loc.gov/MARC21/slim http://www.loc.gov/standards/marcxml/schema/MARC21slim.xsd"><leader>00867njm a22002657c 4500</leader><controlfield tag="001">991000778589705502</controlfield><controlfield tag="005">20211021154623.0</controlfield><controlfield tag="007">sd b||||||||||</controlfield><controlfield tag="008">110122nuuuuuuuuxx ||n |            fre d</controlfield><datafield ind1="0" ind2="2" tag="028"><subfield code="a">Musical masterpiece society MMS 2037</subfield></datafield><datafield ind1=" " ind2=" " tag="035"><subfield code="a">(swissbib)113531974-41slsp_network</subfield></datafield><datafield ind1=" " ind2=" " tag="035"><subfield code="a">113531974</subfield><subfield code="9">ExL</subfield></datafield><datafield ind1=" " ind2=" " tag="035"><subfield code="a">(RERO)R006017963-41slsp</subfield></datafield><datafield ind1=" " ind2=" " tag="035"><subfield code="a">(EXLNZ-41SLSP_NETWORK)991017523349705501</subfield></datafield><datafield ind1=" " ind2=" " tag="040"><subfield code="a">RERO geulmu</subfield><subfield code="d">CH-ZuSLS</subfield></datafield><datafield ind1=" " ind2="7" tag="072"><subfield code="a">mu</subfield><subfield code="2">rero</subfield></datafield><datafield ind1="1" ind2=" " tag="100"><subfield code="a">Bach, Johann Sebastian</subfield><subfield code="d">1685-1750</subfield><subfield code="0">(IDREF)026699656</subfield><subfield code="4">cre</subfield></datafield><datafield ind1="1" ind2="0" tag="245"><subfield code="a">Passion selon St-Matthieu</subfield><subfield code="c">Johann Sebastian Bach</subfield></datafield><datafield ind1=" " ind2=" " tag="300"><subfield code="a">3 disques sonores</subfield><subfield code="b">33 t.</subfield></datafield><datafield ind1=" " ind2=" " tag="336"><subfield code="b">prm</subfield><subfield code="2">rdacontent</subfield></datafield><datafield ind1=" " ind2=" " tag="337"><subfield code="b">s</subfield><subfield code="2">rdamedia</subfield></datafield><datafield ind1=" " ind2=" " tag="338"><subfield code="b">sd</subfield><subfield code="2">rdacarrier</subfield></datafield><datafield ind1=" " ind2=" " tag="500"><subfield code="a">Formation: solistes vocaux, choeur, orchestre symphonique</subfield></datafield><datafield ind1=" " ind2=" " tag="500"><subfield code="a">Langue(s) chantée(s) : allemand</subfield></datafield><datafield ind1="0" ind2=" " tag="505"><subfield code="a">[Passions. St-Matthieu. BWV 244]</subfield></datafield><datafield ind1=" " ind2=" " tag="900"><subfield code="a">REROnoselfmerge</subfield></datafield><datafield ind1=" " ind2=" " tag="960"><subfield code="2">matmu</subfield><subfield code="a">Allemagne ; XVIIe-XVIIIe ; Baroque ; Passions ; Musique sacrée</subfield><subfield code="9">LOCAL</subfield></datafield></record>
</metadata></record>