<record><header><identifier>oai:alma.41SLSP_UGE:991000778279705502</identifier><datestamp>2024-06-16T00:09:21Z</datestamp><setSpec>uge_bcen_RapidILL_BOOK</setSpec><setSpec>uge_aaca_RapidILL_BOOK</setSpec><setSpec>uge_abels_RapidILL_BOOK</setSpec><setSpec>uge_dbu_RapidILL_BOOK</setSpec><setSpec>uge_cmu_RapidILL_BOOK</setSpec><setSpec>uge_mail_RapidILL_BOOK</setSpec><setSpec>UNIGE_ALL</setSpec><setSpec>uge_abbat_RapidILL_BOOK</setSpec><setSpec>uge_aobs_RapidILL_BOOK</setSpec><setSpec>uge_acar_RapidILL_BOOK</setSpec></header><metadata>
<record xmlns="http://www.loc.gov/MARC21/slim" xmlns:xsi="http://www.w3.org/2001/XMLSchema-instance" xsi:schemaLocation="http://www.loc.gov/MARC21/slim http://www.loc.gov/standards/marcxml/schema/MARC21slim.xsd"><leader>01900nam a2200433 c 4500</leader><controlfield tag="001">991000778279705502</controlfield><controlfield tag="005">20230410143705.0</controlfield><controlfield tag="008">150603s2015    sz ||||| |||| 00| ||fre d</controlfield><datafield ind1=" " ind2=" " tag="020"><subfield code="a">9782600018470</subfield></datafield><datafield ind1="7" ind2=" " tag="024"><subfield code="a">http://catalogue.bnf.fr/ark:/12148/cb44318373q</subfield><subfield code="2">uri</subfield></datafield><datafield ind1=" " ind2=" " tag="035"><subfield code="a">(swissbib)121642674-41slsp_network</subfield></datafield><datafield ind1=" " ind2=" " tag="035"><subfield code="a">121642674</subfield><subfield code="9">ExL</subfield></datafield><datafield ind1=" " ind2=" " tag="035"><subfield code="a">(RERO)R008162048-41slsp</subfield></datafield><datafield ind1=" " ind2=" " tag="035"><subfield code="a">(EXLNZ-41SLSP_NETWORK)991071206539705501</subfield></datafield><datafield ind1=" " ind2=" " tag="040"><subfield code="a">RERO geuth-</subfield><subfield code="d">CH-ZuSLS</subfield></datafield><datafield ind1=" " ind2=" " tag="044"><subfield code="a">sz</subfield><subfield code="c">ch-ge</subfield></datafield><datafield ind1=" " ind2="7" tag="072"><subfield code="a">th</subfield><subfield code="2">rero</subfield></datafield><datafield ind1=" " ind2="7" tag="072"><subfield code="a">ht</subfield><subfield code="2">rero</subfield></datafield><datafield ind1="0" ind2="0" tag="245"><subfield code="a">Registres du Consistoire de Genève au temps de Calvin</subfield><subfield code="n">9</subfield><subfield code="p">(15 février 1554 - 31 janvier 1555)</subfield><subfield code="c">publiés par Isabella M. Watt, Wallace McDonald et Jeffrey R. Watt ; avec la collaboration de James S.Coons ; sous la direction de Lee Palmer Wandel</subfield></datafield><datafield ind1=" " ind2="1" tag="264"><subfield code="a">Genève</subfield><subfield code="b">Librairie Droz</subfield><subfield code="c">2015</subfield></datafield><datafield ind1=" " ind2=" " tag="300"><subfield code="a">XLI, 364 p.</subfield><subfield code="c">25 cm</subfield></datafield><datafield ind1=" " ind2=" " tag="336"><subfield code="b">txt</subfield><subfield code="2">rdacontent</subfield></datafield><datafield ind1=" " ind2=" " tag="337"><subfield code="b">n</subfield><subfield code="2">rdamedia</subfield></datafield><datafield ind1=" " ind2=" " tag="338"><subfield code="b">nc</subfield><subfield code="2">rdacarrier</subfield></datafield><datafield ind1="1" ind2=" " tag="490"><subfield code="a">Travaux d'humanisme et Renaissance</subfield><subfield code="v">no 542</subfield></datafield><datafield ind1=" " ind2=" " tag="500"><subfield code="a">Index des sujets, index des noms de lieux, index des noms de personnes</subfield></datafield><datafield ind1=" " ind2=" " tag="504"><subfield code="a">Sources et bibliographie: p. XXIX-XLI</subfield></datafield><datafield ind1="2" ind2="7" tag="610"><subfield code="a">Eglise protestante de Genève</subfield><subfield code="0">(RERO)A010077917</subfield><subfield code="2">rero</subfield></datafield><datafield ind1=" " ind2="7" tag="650"><subfield code="a">Consistoires protestants</subfield><subfield code="0">(IDREF)169909816</subfield><subfield code="2">idref</subfield></datafield><datafield ind1=" " ind2="7" tag="650"><subfield code="a">1554-1555</subfield><subfield code="2">rero</subfield></datafield><datafield ind1=" " ind2="7" tag="651"><subfield code="a">Genève (Genève, Suisse)</subfield><subfield code="0">(IDREF)02726453X</subfield><subfield code="2">idref</subfield></datafield><datafield ind1=" " ind2="7" tag="655"><subfield code="a">Sources</subfield><subfield code="0">(IDREF)027537161</subfield><subfield code="2">idref</subfield></datafield><datafield ind1="1" ind2=" " tag="700"><subfield code="a">Watt, Isabella M.</subfield><subfield code="d">19..-....</subfield><subfield code="0">(IDREF)056285264</subfield></datafield><datafield ind1="1" ind2=" " tag="700"><subfield code="a">McDonald, Wallace</subfield><subfield code="0">(RERO)A008588090</subfield></datafield><datafield ind1="1" ind2=" " tag="700"><subfield code="a">Watt, Jeffrey R</subfield><subfield code="0">(RERO)A003960128</subfield></datafield><datafield ind1="1" ind2=" " tag="700"><subfield code="a">Wandel, Lee Palmer</subfield><subfield code="d">1954-....</subfield><subfield code="0">(IDREF)033953384</subfield></datafield><datafield ind1="2" ind2=" " tag="710"><subfield code="a">Église nationale protestante de Genève</subfield><subfield code="b">Consistoire</subfield><subfield code="0">(IDREF)088468410</subfield></datafield><datafield ind1=" " ind2="0" tag="830"><subfield code="a">Travaux d'humanisme et Renaissance</subfield><subfield code="v">542</subfield><subfield code="w">(RERO)0007634-41slsp</subfield></datafield><datafield ind1=" " ind2="0" tag="830"><subfield code="a">Registres du Consistoire de Genève au temps de Calvin</subfield><subfield code="v">9</subfield><subfield code="w">(RERO)2258006-41slsp</subfield></datafield><datafield ind1=" " ind2=" " tag="900"><subfield code="a">REROnoselfmerge</subfield></datafield><datafield ind1=" " ind2=" " tag="993"><subfield code="a">IHR O 590/9</subfield><subfield code="x">ge/uihr/5721</subfield><subfield code="9">LOCAL</subfield></datafield></record>
</metadata></record>