<record><header><identifier>oai:alma.41SLSP_UGE:991000778169705502</identifier><datestamp>2024-10-17T00:10:00Z</datestamp><setSpec>uge_bcen_RapidILL_BOOK</setSpec><setSpec>uge_aaca_RapidILL_BOOK</setSpec><setSpec>uge_abels_RapidILL_BOOK</setSpec><setSpec>uge_dbu_RapidILL_BOOK</setSpec><setSpec>uge_cmu_RapidILL_BOOK</setSpec><setSpec>uge_mail_RapidILL_BOOK</setSpec><setSpec>uge_abbat_RapidILL_BOOK</setSpec><setSpec>UNIGE_ALL</setSpec><setSpec>uge_aobs_RapidILL_BOOK</setSpec><setSpec>uge_acar_RapidILL_BOOK</setSpec></header><metadata>
<record xmlns="http://www.loc.gov/MARC21/slim" xmlns:xsi="http://www.w3.org/2001/XMLSchema-instance" xsi:schemaLocation="http://www.loc.gov/MARC21/slim http://www.loc.gov/standards/marcxml/schema/MARC21slim.xsd"><leader>02038nam a2200445 c 4500</leader><controlfield tag="001">991000778169705502</controlfield><controlfield tag="005">20241016202328.0</controlfield><controlfield tag="008">201011s2000    xxu||||| |||| 10| ||eng d</controlfield><datafield ind1=" " ind2=" " tag="020"><subfield code="a">1583810382</subfield></datafield><datafield ind1="7" ind2=" " tag="024"><subfield code="a">http://catalogue.bnf.fr/ark:/12148/cb37739142j</subfield><subfield code="2">uri</subfield></datafield><datafield ind1=" " ind2=" " tag="035"><subfield code="a">(swissbib)216099978-41slsp_network</subfield></datafield><datafield ind1=" " ind2=" " tag="035"><subfield code="a">216099978</subfield><subfield code="9">ExL</subfield></datafield><datafield ind1=" " ind2=" " tag="035"><subfield code="a">(RERO)R276908460-41slsp</subfield></datafield><datafield ind1=" " ind2=" " tag="035"><subfield code="a">(NEBIS)003923810EBI01</subfield></datafield><datafield ind1=" " ind2=" " tag="035"><subfield code="a">(IDSBB)002225998DSV01</subfield></datafield><datafield ind1=" " ind2=" " tag="035"><subfield code="a">(EXLNZ-41SLSP_NETWORK)991158342459705501</subfield></datafield><datafield ind1=" " ind2=" " tag="040"><subfield code="a">RERO geusob</subfield><subfield code="d">CH-ZuSLS</subfield></datafield><datafield ind1=" " ind2="7" tag="072"><subfield code="a">as</subfield><subfield code="2">rero</subfield></datafield><datafield ind1=" " ind2="7" tag="072"><subfield code="a">at</subfield><subfield code="2">SzZuIDS BS/BE</subfield></datafield><datafield ind1="1" ind2="4" tag="082"><subfield code="a">520</subfield><subfield code="2">15</subfield></datafield><datafield ind1="0" ind2="0" tag="245"><subfield code="a">Highly energetic physical processes and mechanisms for emission from astrophysical plasmas</subfield><subfield code="b">proceedings of the 195th Symposium of the International Astronomical Union held at Montana, USA, 6-10 July 1999</subfield><subfield code="c">ed. by P.C.H. Martens ... [et al.]</subfield></datafield><datafield ind1=" " ind2="1" tag="264"><subfield code="a">Provo UT</subfield><subfield code="b">Astronomical Society of the Pacific</subfield><subfield code="c">2000</subfield></datafield><datafield ind1=" " ind2=" " tag="300"><subfield code="a">XIX, 492 p.</subfield><subfield code="b">ill. ; 25 cm</subfield></datafield><datafield ind1=" " ind2=" " tag="336"><subfield code="b">txt</subfield><subfield code="2">rdacontent</subfield></datafield><datafield ind1=" " ind2=" " tag="337"><subfield code="b">n</subfield><subfield code="2">rdamedia</subfield></datafield><datafield ind1=" " ind2=" " tag="338"><subfield code="b">nc</subfield><subfield code="2">rdacarrier</subfield></datafield><datafield ind1="1" ind2=" " tag="490"><subfield code="a">International Astronomical Union symposium</subfield><subfield code="v">no. 195</subfield></datafield><datafield ind1=" " ind2="7" tag="650"><subfield code="a">Astrophysique</subfield><subfield code="0">(IDREF)027815013</subfield><subfield code="2">idref</subfield></datafield><datafield ind1=" " ind2="7" tag="650"><subfield code="a">Plasmas (gaz ionisés)</subfield><subfield code="0">(IDREF)027306208</subfield><subfield code="2">idref</subfield></datafield><datafield ind1=" " ind2="7" tag="650"><subfield code="a">EMISSIONSSPEKTROSKOPIE</subfield><subfield code="9">ger</subfield><subfield code="0">(ETHUDK)000016401</subfield><subfield code="2">ethudk</subfield></datafield><datafield ind1=" " ind2="7" tag="650"><subfield code="a">PLASMAASTROPHYSIK</subfield><subfield code="9">ger</subfield><subfield code="0">(ETHUDK)000013918</subfield><subfield code="2">ethudk</subfield></datafield><datafield ind1=" " ind2="7" tag="650"><subfield code="a">SATELLITEN-STATIONIERTE ASTRONOMISCHE INSTRUMENTE</subfield><subfield code="9">ger</subfield><subfield code="0">(ETHUDK)000013948</subfield><subfield code="2">ethudk</subfield></datafield><datafield ind1=" " ind2="7" tag="655"><subfield code="a">Actes de congrès</subfield><subfield code="0">(IDREF)02886431X</subfield><subfield code="2">idref</subfield></datafield><datafield ind1=" " ind2="7" tag="655"><subfield code="a">Konferenzschrift</subfield><subfield code="z">Bozeman (MT)</subfield><subfield code="y">1999</subfield><subfield code="2">gnd-content</subfield></datafield><datafield ind1=" " ind2="7" tag="655"><subfield code="a">Konferenzschrift</subfield><subfield code="z">Bozeman, Mont.</subfield><subfield code="y">1999</subfield><subfield code="2">gnd-content</subfield></datafield><datafield ind1="1" ind2=" " tag="700"><subfield code="a">Martens, Petrus C.H.</subfield></datafield><datafield ind1="1" ind2=" " tag="700"><subfield code="a">Martens, P. C. H.</subfield><subfield code="d">19..-....</subfield><subfield code="0">(IDREF)085974943</subfield></datafield><datafield ind1="2" ind2=" " tag="710"><subfield code="a">Union astronomique internationale</subfield><subfield code="b">Symposium</subfield><subfield code="n">195</subfield><subfield code="d">1999</subfield><subfield code="c">Montana, U.S.</subfield><subfield code="0">(RERO)A014122849</subfield></datafield><datafield ind1="2" ind2=" " tag="711"><subfield code="a">International Astronomical Union</subfield><subfield code="e">Symposium</subfield><subfield code="0">(DE-588)1092309764</subfield></datafield><datafield ind1=" " ind2=" " tag="830"><subfield code="a">Proceedings of the International Astronomical Union</subfield><subfield code="v">195</subfield><subfield code="w">(NEBIS)000029766EBI01</subfield></datafield><datafield ind1=" " ind2=" " tag="900"><subfield code="a">REROnoselfmerge</subfield></datafield><datafield ind1=" " ind2=" " tag="961"><subfield code="2">ge-obs</subfield><subfield code="a">28</subfield><subfield code="9">LOCAL</subfield></datafield><datafield ind1=" " ind2=" " tag="961"><subfield code="2">ge-obs</subfield><subfield code="a">21.1</subfield><subfield code="9">LOCAL</subfield></datafield></record>
</metadata></record>