<record><header><identifier>oai:alma.41SLSP_UGE:991000778569705502</identifier><datestamp>2023-03-01T01:09:43Z</datestamp><setSpec>uge_bcen_RapidILL_BOOK</setSpec><setSpec>uge_aaca_RapidILL_BOOK</setSpec><setSpec>uge_abels_RapidILL_BOOK</setSpec><setSpec>uge_dbu_RapidILL_BOOK</setSpec><setSpec>uge_cmu_RapidILL_BOOK</setSpec><setSpec>uge_mail_RapidILL_BOOK</setSpec><setSpec>UNIGE_ALL</setSpec><setSpec>uge_abbat_RapidILL_BOOK</setSpec><setSpec>uge_aobs_RapidILL_BOOK</setSpec><setSpec>uge_acar_RapidILL_BOOK</setSpec></header><metadata>
<record xmlns="http://www.loc.gov/MARC21/slim" xmlns:xsi="http://www.w3.org/2001/XMLSchema-instance" xsi:schemaLocation="http://www.loc.gov/MARC21/slim http://www.loc.gov/standards/marcxml/schema/MARC21slim.xsd"><leader>00963nam a2200265 c 4500</leader><controlfield tag="001">991000778569705502</controlfield><controlfield tag="005">20211104205616.0</controlfield><controlfield tag="008">000719s1985    it ||||| |||| 00| ||ita d</controlfield><datafield ind1=" " ind2=" " tag="020"><subfield code="a">8876480285</subfield></datafield><datafield ind1=" " ind2=" " tag="035"><subfield code="a">(swissbib)080673929-41slsp_network</subfield></datafield><datafield ind1=" " ind2=" " tag="035"><subfield code="a">080673929</subfield><subfield code="9">ExL</subfield></datafield><datafield ind1=" " ind2=" " tag="035"><subfield code="a">(RERO)0695176-41slsp</subfield></datafield><datafield ind1=" " ind2=" " tag="035"><subfield code="a">(EXLNZ-41SLSP_NETWORK)991078123319705501</subfield></datafield><datafield ind1=" " ind2=" " tag="040"><subfield code="a">RERO labcud</subfield><subfield code="d">CH-ZuSLS</subfield></datafield><datafield ind1=" " ind2="7" tag="072"><subfield code="a">it</subfield><subfield code="2">rero</subfield></datafield><datafield ind1="1" ind2=" " tag="100"><subfield code="a">Manzoni, Alessandro</subfield><subfield code="d">1785-1873</subfield><subfield code="0">(IDREF)027006956</subfield><subfield code="4">cre</subfield></datafield><datafield ind1="1" ind2="0" tag="245"><subfield code="a">&lt;&lt;La&gt;&gt; rivoluzione francese del 1789 e la rivoluzione italiana del 1859</subfield><subfield code="c">Alessandro Manzoni ; a cura di Federico Sanguineti ; presentazione di Alfredo Giulani</subfield></datafield><datafield ind1=" " ind2="1" tag="264"><subfield code="a">Genova</subfield><subfield code="b">Costa &amp; Nolan</subfield><subfield code="c">1985</subfield></datafield><datafield ind1=" " ind2=" " tag="300"><subfield code="a">226 p.</subfield><subfield code="c">22 cm</subfield></datafield><datafield ind1=" " ind2=" " tag="336"><subfield code="b">txt</subfield><subfield code="2">rdacontent</subfield></datafield><datafield ind1=" " ind2=" " tag="337"><subfield code="b">n</subfield><subfield code="2">rdamedia</subfield></datafield><datafield ind1=" " ind2=" " tag="338"><subfield code="b">nc</subfield><subfield code="2">rdacarrier</subfield></datafield><datafield ind1="1" ind2=" " tag="490"><subfield code="a">Testi della cultura italiana</subfield><subfield code="v">9</subfield></datafield><datafield ind1="1" ind2=" " tag="700"><subfield code="a">Sanguineti, Federico</subfield><subfield code="d">1955-....</subfield><subfield code="0">(IDREF)035750677</subfield></datafield><datafield ind1=" " ind2=" " tag="830"><subfield code="a">Testi della cultura italiana</subfield><subfield code="v">9</subfield><subfield code="w">(RERO)0551509-41slsp</subfield></datafield><datafield ind1=" " ind2=" " tag="900"><subfield code="a">REROnoselfmerge</subfield></datafield><datafield ind1=" " ind2=" " tag="993"><subfield code="a">BFLA 98129</subfield><subfield code="x">ge/ulit/a/flz 3723/9</subfield><subfield code="9">LOCAL</subfield></datafield></record>
</metadata></record>