<record><header><identifier>oai:alma.41SLSP_UGE:991000778779705502</identifier><datestamp>2024-11-20T01:08:08Z</datestamp><setSpec>uge_bcen_RapidILL_BOOK</setSpec><setSpec>uge_aaca_RapidILL_BOOK</setSpec><setSpec>uge_abels_RapidILL_BOOK</setSpec><setSpec>uge_dbu_RapidILL_BOOK</setSpec><setSpec>uge_cmu_RapidILL_BOOK</setSpec><setSpec>uge_mail_RapidILL_BOOK</setSpec><setSpec>UNIGE_ALL</setSpec><setSpec>uge_abbat_RapidILL_BOOK</setSpec><setSpec>uge_aobs_RapidILL_BOOK</setSpec><setSpec>uge_acar_RapidILL_BOOK</setSpec></header><metadata>
<record xmlns="http://www.loc.gov/MARC21/slim" xmlns:xsi="http://www.w3.org/2001/XMLSchema-instance" xsi:schemaLocation="http://www.loc.gov/MARC21/slim http://www.loc.gov/standards/marcxml/schema/MARC21slim.xsd"><leader>01969nam a2200517 ca4500</leader><controlfield tag="001">991000778779705502</controlfield><controlfield tag="005">20241119213242.0</controlfield><controlfield tag="008">201012m20162017xxu           000 0 eng|d</controlfield><datafield ind1="7" ind2=" " tag="016"><subfield code="a">1114917877</subfield><subfield code="2">GyFmDB</subfield></datafield><datafield ind1=" " ind2=" " tag="020"><subfield code="a">9783161549328</subfield><subfield code="q">set</subfield><subfield code="c">EUR 69.00</subfield></datafield><datafield ind1=" " ind2=" " tag="020"><subfield code="a">9783161556005</subfield><subfield code="q">vol. 2</subfield></datafield><datafield ind1=" " ind2=" " tag="035"><subfield code="a">(swissbib)239464079-41slsp_network</subfield></datafield><datafield ind1=" " ind2=" " tag="035"><subfield code="a">239464079</subfield><subfield code="9">ExL</subfield></datafield><datafield ind1=" " ind2=" " tag="035"><subfield code="a">(IDSLU)001299539ILU01</subfield></datafield><datafield ind1=" " ind2=" " tag="035"><subfield code="a">(RERO)R008654481-41slsp</subfield></datafield><datafield ind1=" " ind2=" " tag="035"><subfield code="a">(OCoLC)987198564</subfield></datafield><datafield ind1=" " ind2=" " tag="035"><subfield code="a">(EXLNZ-41SLSP_NETWORK)991036913979705501</subfield></datafield><datafield ind1=" " ind2=" " tag="040"><subfield code="a">OHX</subfield><subfield code="b">ger</subfield><subfield code="e">rda</subfield><subfield code="d">CH-ZuSLS</subfield></datafield><datafield ind1="1" ind2=" " tag="041"><subfield code="a">eng</subfield><subfield code="h">ger</subfield></datafield><datafield ind1=" " ind2="7" tag="072"><subfield code="a">730</subfield><subfield code="2">IDS LU</subfield></datafield><datafield ind1=" " ind2="7" tag="072"><subfield code="a">th</subfield><subfield code="2">rero</subfield></datafield><datafield ind1=" " ind2=" " tag="084"><subfield code="a">BC 4800</subfield><subfield code="2">rvk</subfield></datafield><datafield ind1=" " ind2=" " tag="084"><subfield code="a">BC 4850</subfield><subfield code="2">rvk</subfield></datafield><datafield ind1="1" ind2=" " tag="100"><subfield code="6">880-01</subfield><subfield code="a">Wolter, Michael</subfield><subfield code="d">1950-</subfield><subfield code="0">(DE-588)108882314</subfield><subfield code="4">aut</subfield></datafield><datafield ind1="1" ind2=" " tag="880"><subfield code="6">100-01</subfield><subfield code="a">Wolter, Michael</subfield><subfield code="d">1950-....</subfield><subfield code="0">(IDREF)028486862</subfield><subfield code="4">aut</subfield></datafield><datafield ind1="1" ind2="0" tag="240"><subfield code="a">&lt;&lt;Das&gt;&gt; Lukasevangelium</subfield></datafield><datafield ind1="1" ind2="0" tag="245"><subfield code="a">&lt;&lt;The&gt;&gt; Gospel according to Luke</subfield><subfield code="c">Michael Wolter ; translated by Wayne Coppins and Christoph Heilig</subfield></datafield><datafield ind1=" " ind2="1" tag="264"><subfield code="a">Waco, Texas</subfield><subfield code="b">Baylor University Press</subfield><subfield code="c">[2016-2017]</subfield></datafield><datafield ind1=" " ind2=" " tag="300"><subfield code="a">2 Bände</subfield></datafield><datafield ind1=" " ind2=" " tag="336"><subfield code="b">txt</subfield><subfield code="2">rdacontent</subfield></datafield><datafield ind1=" " ind2=" " tag="337"><subfield code="b">n</subfield><subfield code="2">rdamedia</subfield></datafield><datafield ind1=" " ind2=" " tag="338"><subfield code="b">nc</subfield><subfield code="2">rdacarrier</subfield></datafield><datafield ind1="0" ind2=" " tag="490"><subfield code="a">Baylor-Mohr Siebeck studies in early Christianity</subfield></datafield><datafield ind1=" " ind2=" " tag="500"><subfield code="a">Aus dem Deutschen übersetzt</subfield></datafield><datafield ind1=" " ind2=" " tag="500"><subfield code="a">In Kooperation mit dem Mohr Siebeck Verlag in Tübingen</subfield></datafield><datafield ind1=" " ind2=" " tag="500"><subfield code="a">Enthält auch den Text des Evangeliums</subfield></datafield><datafield ind1=" " ind2=" " tag="500"><subfield code="a">Trad. de: Lukasevangelium</subfield></datafield><datafield ind1="0" ind2="0" tag="505"><subfield code="g">Volume 1</subfield><subfield code="t">Luke 1-9:50</subfield></datafield><datafield ind1="0" ind2="0" tag="505"><subfield code="g">Volume 2</subfield><subfield code="t">Luke 9:51-24</subfield></datafield><datafield ind1="0" ind2="7" tag="630"><subfield code="a">Bibel</subfield><subfield code="p">Lukasevangelium</subfield><subfield code="0">(DE-588)4036616-9</subfield><subfield code="2">gnd</subfield></datafield><datafield ind1=" " ind2="7" tag="655"><subfield code="a">Kommentar</subfield><subfield code="2">gnd-content</subfield></datafield><datafield ind1="1" ind2=" " tag="700"><subfield code="a">Heilig, Christoph</subfield><subfield code="d">1990-</subfield><subfield code="0">(DE-588)1016109148</subfield><subfield code="4">trl</subfield></datafield><datafield ind1="1" ind2=" " tag="700"><subfield code="6">880-03</subfield><subfield code="a">Coppins, Wayne</subfield><subfield code="d">1975-</subfield><subfield code="0">(DE-588)137977239</subfield><subfield code="4">trl</subfield></datafield><datafield ind1="1" ind2=" " tag="880"><subfield code="6">700-03</subfield><subfield code="a">Coppins, Wayne</subfield><subfield code="d">1975-....</subfield><subfield code="0">(IDREF)134329287</subfield><subfield code="4">trl</subfield></datafield><datafield ind1="0" ind2=" " tag="730"><subfield code="a">Bibel</subfield><subfield code="p">Lukasevangelium</subfield><subfield code="0">(DE-588)4036616-9</subfield></datafield><datafield ind1="4" ind2=" " tag="856"><subfield code="3">Inhaltsverzeichnis</subfield><subfield code="u">https://d-nb.info/1114917877/04</subfield><subfield code="q">pdf</subfield></datafield><datafield ind1=" " ind2=" " tag="949"><subfield code="a">https://d-nb.info/1114917877/04</subfield></datafield></record>
</metadata></record>