<record><header><identifier>oai:alma.41SLSP_UGE:991000801829705502</identifier><datestamp>2023-03-01T01:09:43Z</datestamp><setSpec>uge_bcen_RapidILL_BOOK</setSpec><setSpec>uge_aaca_RapidILL_BOOK</setSpec><setSpec>uge_abels_RapidILL_BOOK</setSpec><setSpec>uge_dbu_RapidILL_BOOK</setSpec><setSpec>uge_cmu_RapidILL_BOOK</setSpec><setSpec>uge_mail_RapidILL_BOOK</setSpec><setSpec>UNIGE_ALL</setSpec><setSpec>uge_abbat_RapidILL_BOOK</setSpec><setSpec>uge_acar_RapidILL_BOOK</setSpec><setSpec>uge_aobs_RapidILL_BOOK</setSpec></header><metadata>
<record xmlns="http://www.loc.gov/MARC21/slim" xmlns:xsi="http://www.w3.org/2001/XMLSchema-instance" xsi:schemaLocation="http://www.loc.gov/MARC21/slim http://www.loc.gov/standards/marcxml/schema/MARC21slim.xsd"><leader>01330nam a2200337 c 4500</leader><controlfield tag="001">991000801829705502</controlfield><controlfield tag="005">20230210185518.0</controlfield><controlfield tag="008">110414s1981    sp ||||| |||| 00| ||spa d</controlfield><datafield ind1=" " ind2=" " tag="020"><subfield code="a">8474880432</subfield></datafield><datafield ind1="7" ind2=" " tag="024"><subfield code="a">http://catalogue.bnf.fr/ark:/12148/cb36649403c</subfield><subfield code="2">uri</subfield></datafield><datafield ind1=" " ind2=" " tag="035"><subfield code="a">(swissbib)113376049-41slsp_network</subfield></datafield><datafield ind1=" " ind2=" " tag="035"><subfield code="a">113376049</subfield><subfield code="9">ExL</subfield></datafield><datafield ind1=" " ind2=" " tag="035"><subfield code="a">(RERO)R005993142-41slsp</subfield></datafield><datafield ind1=" " ind2=" " tag="035"><subfield code="a">(EXLNZ-41SLSP_NETWORK)991000756949705501</subfield></datafield><datafield ind1=" " ind2=" " tag="040"><subfield code="a">IBH</subfield><subfield code="d">CH-ZuSLS</subfield></datafield><datafield ind1=" " ind2="7" tag="072"><subfield code="a">es</subfield><subfield code="2">rero</subfield></datafield><datafield ind1="0" ind2="0" tag="245"><subfield code="a">Textos y estudios sobre astronomía española en el siglo XIII</subfield><subfield code="c">editados por Juan Vernet</subfield></datafield><datafield ind1=" " ind2="1" tag="264"><subfield code="a">Barcelona</subfield><subfield code="b">Instituto de Filología</subfield><subfield code="c">1981</subfield></datafield><datafield ind1=" " ind2=" " tag="300"><subfield code="a">323 p., 1 f., 1 f. de pl.</subfield><subfield code="b">ill.</subfield><subfield code="c">24 cm</subfield></datafield><datafield ind1=" " ind2=" " tag="336"><subfield code="b">txt</subfield><subfield code="2">rdacontent</subfield></datafield><datafield ind1=" " ind2=" " tag="337"><subfield code="b">n</subfield><subfield code="2">rdamedia</subfield></datafield><datafield ind1=" " ind2=" " tag="338"><subfield code="b">nc</subfield><subfield code="2">rdacarrier</subfield></datafield><datafield ind1=" " ind2=" " tag="500"><subfield code="a">Precede al tít.: Instituto de Filología. Institución &quot;Milá y Fontanals&quot;, Consejo Superior de InvestigacionesCientíficas</subfield></datafield><datafield ind1=" " ind2=" " tag="504"><subfield code="a">Bibliografía. Índice</subfield></datafield><datafield ind1=" " ind2="7" tag="650"><subfield code="a">Astronomie</subfield><subfield code="0">(IDREF)027220354</subfield><subfield code="2">idref</subfield></datafield><datafield ind1=" " ind2="7" tag="650"><subfield code="a">13e siècle</subfield><subfield code="0">(IDREF)027807169</subfield><subfield code="2">idref</subfield></datafield><datafield ind1=" " ind2="7" tag="651"><subfield code="a">Espagne</subfield><subfield code="0">(IDREF)027224406</subfield><subfield code="2">idref</subfield></datafield><datafield ind1=" " ind2="7" tag="655"><subfield code="a">Anthologies</subfield><subfield code="0">(IDREF)027269493</subfield><subfield code="2">idref</subfield></datafield><datafield ind1="1" ind2=" " tag="700"><subfield code="a">Vernet Gines, Juan</subfield><subfield code="d">1923-2011</subfield><subfield code="0">(IDREF)028600134</subfield></datafield><datafield ind1="2" ind2=" " tag="710"><subfield code="a">Universitat Autónoma de Barcelona</subfield><subfield code="b">Institut de Filologia</subfield><subfield code="0">(RERO)A018678451</subfield></datafield><datafield ind1=" " ind2=" " tag="900"><subfield code="a">REROnoselfmerge</subfield></datafield><datafield ind1=" " ind2=" " tag="910"><subfield code="a">BNE</subfield><subfield code="b">20110414</subfield></datafield><datafield ind1=" " ind2=" " tag="993"><subfield code="a">BFLA 224721</subfield><subfield code="x">ge/ules/a/FLt 55660</subfield><subfield code="9">LOCAL</subfield></datafield></record>
</metadata></record>