<record><header><identifier>oai:alma.41SLSP_UGE:991000802139705502</identifier><datestamp>2023-04-23T00:11:48Z</datestamp><setSpec>uge_bcen_RapidILL_BOOK</setSpec><setSpec>uge_aaca_RapidILL_BOOK</setSpec><setSpec>uge_abels_RapidILL_BOOK</setSpec><setSpec>uge_dbu_RapidILL_BOOK</setSpec><setSpec>uge_cmu_RapidILL_BOOK</setSpec><setSpec>uge_mail_RapidILL_BOOK</setSpec><setSpec>uge_abbat_RapidILL_BOOK</setSpec><setSpec>UNIGE_ALL</setSpec><setSpec>uge_aobs_RapidILL_BOOK</setSpec><setSpec>uge_acar_RapidILL_BOOK</setSpec></header><metadata>
<record xmlns="http://www.loc.gov/MARC21/slim" xmlns:xsi="http://www.w3.org/2001/XMLSchema-instance" xsi:schemaLocation="http://www.loc.gov/MARC21/slim http://www.loc.gov/standards/marcxml/schema/MARC21slim.xsd"><leader>02040nam a2200529 c 4500</leader><controlfield tag="001">991000802139705502</controlfield><controlfield tag="005">20230422205824.0</controlfield><controlfield tag="008">201011t19891989xxu||||| |||| 00| ||eng d</controlfield><datafield ind1=" " ind2=" " tag="010"><subfield code="a">89036845</subfield></datafield><datafield ind1=" " ind2=" " tag="020"><subfield code="a">0805801219</subfield></datafield><datafield ind1=" " ind2=" " tag="035"><subfield code="a">(swissbib)222619376-41slsp_network</subfield></datafield><datafield ind1=" " ind2=" " tag="035"><subfield code="a">222619376</subfield><subfield code="9">ExL</subfield></datafield><datafield ind1=" " ind2=" " tag="035"><subfield code="a">(RERO)1441555-41slsp</subfield></datafield><datafield ind1=" " ind2=" " tag="035"><subfield code="a">(IDSBB)001043361DSV01</subfield></datafield><datafield ind1=" " ind2=" " tag="035"><subfield code="a">(NEBIS)000592395EBI01</subfield></datafield><datafield ind1=" " ind2=" " tag="035"><subfield code="a">(EXLNZ-41SLSP_NETWORK)991031572319705501</subfield></datafield><datafield ind1=" " ind2=" " tag="040"><subfield code="a">RERO labcud</subfield><subfield code="d">CH-ZuSLS</subfield></datafield><datafield ind1=" " ind2=" " tag="044"><subfield code="a">xxu</subfield><subfield code="a">xxk</subfield></datafield><datafield ind1=" " ind2="7" tag="072"><subfield code="a">ps</subfield><subfield code="2">rero</subfield></datafield><datafield ind1=" " ind2="7" tag="072"><subfield code="a">ps</subfield><subfield code="2">SzZuIDS BS/BE</subfield></datafield><datafield ind1="1" ind2="4" tag="082"><subfield code="a">150</subfield><subfield code="2">15</subfield></datafield><datafield ind1=" " ind2=" " tag="084"><subfield code="a">CP 2500</subfield><subfield code="2">rvk</subfield></datafield><datafield ind1="0" ind2="0" tag="245"><subfield code="a">&lt;&lt;The&gt;&gt; Moon illusion</subfield><subfield code="c">ed. by Maurice Hershenson</subfield></datafield><datafield ind1=" " ind2="1" tag="264"><subfield code="a">Hillsdale N.J.</subfield><subfield code="b">Lawrence Erlbaum</subfield><subfield code="c">[1989]</subfield></datafield><datafield ind1=" " ind2="4" tag="264"><subfield code="c">© 1989</subfield></datafield><datafield ind1=" " ind2=" " tag="300"><subfield code="a">XVI, 421 p.</subfield><subfield code="b">ill.</subfield><subfield code="c">24 cm</subfield></datafield><datafield ind1=" " ind2=" " tag="336"><subfield code="b">txt</subfield><subfield code="2">rdacontent</subfield></datafield><datafield ind1=" " ind2=" " tag="337"><subfield code="b">n</subfield><subfield code="2">rdamedia</subfield></datafield><datafield ind1=" " ind2=" " tag="338"><subfield code="b">nc</subfield><subfield code="2">rdacarrier</subfield></datafield><datafield ind1=" " ind2="7" tag="650"><subfield code="a">illusion</subfield><subfield code="0">(RERO)A009957706</subfield><subfield code="2">rerovoc</subfield></datafield><datafield ind1=" " ind2="7" tag="650"><subfield code="a">Lune</subfield><subfield code="0">(IDREF)027282414</subfield><subfield code="2">idref</subfield></datafield><datafield ind1=" " ind2="7" tag="650"><subfield code="a">observation astronomique</subfield><subfield code="0">(RERO)A010014733</subfield><subfield code="2">rerovoc</subfield></datafield><datafield ind1=" " ind2="7" tag="650"><subfield code="a">Optique</subfield><subfield code="0">(IDREF)027794237</subfield><subfield code="2">idref</subfield></datafield><datafield ind1=" " ind2="7" tag="650"><subfield code="a">Perception visuelle</subfield><subfield code="0">(IDREF)027634493</subfield><subfield code="2">idref</subfield></datafield><datafield ind1=" " ind2="7" tag="650"><subfield code="a">Observations</subfield><subfield code="0">(IDREF)027792021</subfield><subfield code="2">idref</subfield></datafield><datafield ind1=" " ind2="7" tag="650"><subfield code="a">Grössenwahrnehmung</subfield><subfield code="x">Mond</subfield><subfield code="2">idsbb</subfield></datafield><datafield ind1=" " ind2="7" tag="650"><subfield code="a">Mond</subfield><subfield code="x">Grössenwahrnehmung</subfield><subfield code="2">idsbb</subfield></datafield><datafield ind1=" " ind2="7" tag="650"><subfield code="a">Mond</subfield><subfield code="x">Optische Täuschung</subfield><subfield code="2">idsbb</subfield></datafield><datafield ind1=" " ind2="7" tag="650"><subfield code="a">Optische Täuschung</subfield><subfield code="x">Mond</subfield><subfield code="2">idsbb</subfield></datafield><datafield ind1=" " ind2="7" tag="650"><subfield code="a">APORIEN + PARADOXIEN + ANTINOMIEN (ERKENNTNISTHEORIE)</subfield><subfield code="9">ger</subfield><subfield code="0">(ETHUDK)000009660</subfield><subfield code="2">ethudk</subfield></datafield><datafield ind1=" " ind2="7" tag="650"><subfield code="a">ASTRONOMIEGESCHICHTE</subfield><subfield code="9">ger</subfield><subfield code="0">(ETHUDK)000041249</subfield><subfield code="2">ethudk</subfield></datafield><datafield ind1=" " ind2="7" tag="650"><subfield code="a">GRÖSSENWAHRNEHMUNG (PHYSIOLOGISCHE OPTIK)</subfield><subfield code="9">ger</subfield><subfield code="0">(ETHUDK)000039647</subfield><subfield code="2">ethudk</subfield></datafield><datafield ind1=" " ind2="7" tag="650"><subfield code="a">MOND (ERDMOND, ASTRONOMIE)</subfield><subfield code="9">ger</subfield><subfield code="0">(ETHUDK)000013994</subfield><subfield code="2">ethudk</subfield></datafield><datafield ind1=" " ind2="7" tag="650"><subfield code="a">MONDOBERFLÄCHE (ASTRONOMIE)</subfield><subfield code="9">ger</subfield><subfield code="0">(ETHUDK)000013996</subfield><subfield code="2">ethudk</subfield></datafield><datafield ind1=" " ind2="7" tag="650"><subfield code="a">OPTISCHE TÄUSCHUNG (SINNESPHYSIOLOGIE)</subfield><subfield code="9">ger</subfield><subfield code="0">(ETHUDK)000026355</subfield><subfield code="2">ethudk</subfield></datafield><datafield ind1=" " ind2="7" tag="655"><subfield code="a">[Études diverses]</subfield><subfield code="0">(RERO)A022249905</subfield><subfield code="2">rero</subfield></datafield><datafield ind1="1" ind2=" " tag="700"><subfield code="a">Hershenson, Maurice</subfield><subfield code="0">(IDREF)08523446X</subfield></datafield><datafield ind1=" " ind2=" " tag="900"><subfield code="a">REROnoselfmerge</subfield></datafield></record>
</metadata></record>