<record><header><identifier>oai:alma.41SLSP_UGE:991000801419705502</identifier><datestamp>2023-07-22T00:18:43Z</datestamp><setSpec>uge_bcen_RapidILL_BOOK</setSpec><setSpec>uge_aaca_RapidILL_BOOK</setSpec><setSpec>uge_abels_RapidILL_BOOK</setSpec><setSpec>uge_dbu_RapidILL_BOOK</setSpec><setSpec>uge_cmu_RapidILL_BOOK</setSpec><setSpec>uge_mail_RapidILL_BOOK</setSpec><setSpec>uge_abbat_RapidILL_BOOK</setSpec><setSpec>UNIGE_ALL</setSpec><setSpec>uge_aobs_RapidILL_BOOK</setSpec><setSpec>uge_acar_RapidILL_BOOK</setSpec></header><metadata>
<record xmlns="http://www.loc.gov/MARC21/slim" xmlns:xsi="http://www.w3.org/2001/XMLSchema-instance" xsi:schemaLocation="http://www.loc.gov/MARC21/slim http://www.loc.gov/standards/marcxml/schema/MARC21slim.xsd"><leader>01789nam a22004692c 4500</leader><controlfield tag="001">991000801419705502</controlfield><controlfield tag="005">20230720194843.0</controlfield><controlfield tag="008">150707m201503uuit ||||| |||| 00| ||ita d</controlfield><datafield ind1=" " ind2=" " tag="020"><subfield code="a">8854882461</subfield></datafield><datafield ind1=" " ind2=" " tag="020"><subfield code="a">9788854882461</subfield></datafield><datafield ind1="7" ind2=" " tag="024"><subfield code="a">http://catalogue.bnf.fr/ark:/12148/cb44364989t</subfield><subfield code="2">uri</subfield></datafield><datafield ind1=" " ind2=" " tag="035"><subfield code="a">(swissbib)121777677-41slsp_network</subfield></datafield><datafield ind1=" " ind2=" " tag="035"><subfield code="a">121777677</subfield><subfield code="9">ExL</subfield></datafield><datafield ind1=" " ind2=" " tag="035"><subfield code="a">(RERO)R008194105-41slsp</subfield></datafield><datafield ind1=" " ind2=" " tag="035"><subfield code="a">(EXLNZ-41SLSP_NETWORK)991012861279705501</subfield></datafield><datafield ind1=" " ind2=" " tag="040"><subfield code="a">ItFiC</subfield><subfield code="d">CH-ZuSLS</subfield></datafield><datafield ind1=" " ind2="0" tag="050"><subfield code="a">B253</subfield><subfield code="b">.C35 2015</subfield></datafield><datafield ind1=" " ind2="7" tag="072"><subfield code="a">gr</subfield><subfield code="2">rero</subfield></datafield><datafield ind1="1" ind2="4" tag="082"><subfield code="a">182</subfield><subfield code="2">14</subfield></datafield><datafield ind1="1" ind2=" " tag="100"><subfield code="a">Calenda, Guido</subfield><subfield code="d">19..-....</subfield><subfield code="0">(IDREF)153023147</subfield><subfield code="4">cre</subfield></datafield><datafield ind1="1" ind2="0" tag="245"><subfield code="a">&lt;&lt;I&gt;&gt; cieli alla luce della ragione</subfield><subfield code="b">Talete, Anassimandro e Anassimene</subfield><subfield code="c">Guido Calenda</subfield></datafield><datafield ind1=" " ind2=" " tag="250"><subfield code="a">I edizione</subfield></datafield><datafield ind1=" " ind2="1" tag="264"><subfield code="a">Roma</subfield><subfield code="b">Aracne editrice S.r.l.</subfield><subfield code="c">marzo 2015</subfield></datafield><datafield ind1=" " ind2=" " tag="300"><subfield code="a">245 pages</subfield><subfield code="b">illustrations</subfield></datafield><datafield ind1=" " ind2=" " tag="336"><subfield code="b">txt</subfield><subfield code="2">rdacontent</subfield></datafield><datafield ind1=" " ind2=" " tag="337"><subfield code="b">n</subfield><subfield code="2">rdamedia</subfield></datafield><datafield ind1=" " ind2=" " tag="338"><subfield code="b">nc</subfield><subfield code="2">rdacarrier</subfield></datafield><datafield ind1="1" ind2=" " tag="490"><subfield code="a">Philosophía tôn palaiôn. Studi e monografie</subfield><subfield code="v">1</subfield></datafield><datafield ind1=" " ind2=" " tag="504"><subfield code="a">Includes bibliographical references (pages 207-222) and indexes</subfield></datafield><datafield ind1="0" ind2="0" tag="600"><subfield code="a">Anaximander</subfield></datafield><datafield ind1="0" ind2="0" tag="600"><subfield code="a">Anaximenes</subfield><subfield code="c">of Miletus</subfield></datafield><datafield ind1="0" ind2="0" tag="600"><subfield code="a">Thales</subfield><subfield code="d">approximately 634 B.C.-approximately 546 B.C</subfield></datafield><datafield ind1="0" ind2="7" tag="600"><subfield code="a">Thalès de Milet</subfield><subfield code="d">0625?-0547? av. J.-C.</subfield><subfield code="0">(IDREF)027649660</subfield><subfield code="2">idref</subfield></datafield><datafield ind1="0" ind2="7" tag="600"><subfield code="a">Anaximandre</subfield><subfield code="d">0610?-0547? av. J.-C.</subfield><subfield code="0">(IDREF)031250386</subfield><subfield code="2">idref</subfield></datafield><datafield ind1="0" ind2="7" tag="600"><subfield code="a">Anaximène</subfield><subfield code="c">(de Milet)</subfield><subfield code="0">(RERO)A010042780</subfield><subfield code="2">rero</subfield></datafield><datafield ind1=" " ind2="0" tag="650"><subfield code="a">Philosophy, Ancient</subfield></datafield><datafield ind1=" " ind2="0" tag="650"><subfield code="a">Rationalism</subfield><subfield code="x">History</subfield><subfield code="y">To 1500</subfield></datafield><datafield ind1=" " ind2="7" tag="650"><subfield code="a">Philosophie grecque</subfield><subfield code="0">(IDREF)027284573</subfield><subfield code="2">idref</subfield></datafield><datafield ind1=" " ind2="7" tag="650"><subfield code="a">6e siècle av. J.-C.-5e siècle av. J.-C.</subfield><subfield code="2">idref</subfield></datafield><datafield ind1=" " ind2="7" tag="650"><subfield code="a">Cosmologie antique</subfield><subfield code="0">(IDREF)027784827</subfield><subfield code="2">idref</subfield></datafield><datafield ind1=" " ind2="7" tag="650"><subfield code="a">Rationalité</subfield><subfield code="0">(IDREF)027488144</subfield><subfield code="2">idref</subfield></datafield><datafield ind1=" " ind2="0" tag="830"><subfield code="a">Philosophía tôn palaiôn</subfield><subfield code="v">1</subfield><subfield code="w">(RERO)R008269245-41slsp</subfield></datafield><datafield ind1=" " ind2=" " tag="900"><subfield code="a">REROnoselfmerge</subfield></datafield></record>
</metadata></record>