<record><header><identifier>oai:alma.41SLSP_UGE:991000802249705502</identifier><datestamp>2023-11-08T01:52:11Z</datestamp><setSpec>uge_bcen_RapidILL_BOOK</setSpec><setSpec>uge_aaca_RapidILL_BOOK</setSpec><setSpec>uge_abels_RapidILL_BOOK</setSpec><setSpec>uge_dbu_RapidILL_BOOK</setSpec><setSpec>uge_cmu_RapidILL_BOOK</setSpec><setSpec>uge_mail_RapidILL_BOOK</setSpec><setSpec>uge_abbat_RapidILL_BOOK</setSpec><setSpec>UNIGE_ALL</setSpec><setSpec>uge_acar_RapidILL_BOOK</setSpec><setSpec>uge_aobs_RapidILL_BOOK</setSpec></header><metadata>
<record xmlns="http://www.loc.gov/MARC21/slim" xmlns:xsi="http://www.w3.org/2001/XMLSchema-instance" xsi:schemaLocation="http://www.loc.gov/MARC21/slim http://www.loc.gov/standards/marcxml/schema/MARC21slim.xsd"><leader>02754nam a2200721 ca4500</leader><controlfield tag="001">991000802249705502</controlfield><controlfield tag="005">20220718104223.0</controlfield><controlfield tag="008">201011s2008    sz ||||| |||| 00| ||fre d</controlfield><datafield ind1=" " ind2=" " tag="020"><subfield code="a">9782600012515</subfield><subfield code="q">Tome 1</subfield></datafield><datafield ind1=" " ind2=" " tag="020"><subfield code="a">9782600012522</subfield><subfield code="q">Tome 2</subfield></datafield><datafield ind1=" " ind2=" " tag="020"><subfield code="a">9782600012409</subfield></datafield><datafield ind1=" " ind2=" " tag="035"><subfield code="a">(swissbib)217388523-41slsp_network</subfield></datafield><datafield ind1=" " ind2=" " tag="035"><subfield code="a">217388523</subfield><subfield code="9">ExL</subfield></datafield><datafield ind1=" " ind2=" " tag="035"><subfield code="a">(RERO)R004837823-41slsp</subfield></datafield><datafield ind1=" " ind2=" " tag="035"><subfield code="a">(IDSBB)004782837DSV01</subfield></datafield><datafield ind1=" " ind2=" " tag="035"><subfield code="a">(NEBIS)005749171EBI01</subfield></datafield><datafield ind1=" " ind2=" " tag="035"><subfield code="a">(EXLNZ-41SLSP_NETWORK)991017140139705501</subfield></datafield><datafield ind1=" " ind2=" " tag="040"><subfield code="a">RERO geuth-</subfield><subfield code="d">CH-ZuSLS</subfield></datafield><datafield ind1="1" ind2=" " tag="041"><subfield code="a">fre</subfield><subfield code="h">lat</subfield></datafield><datafield ind1=" " ind2=" " tag="044"><subfield code="a">sz</subfield><subfield code="c">ch-ge</subfield></datafield><datafield ind1=" " ind2="7" tag="072"><subfield code="a">th</subfield><subfield code="2">rero</subfield></datafield><datafield ind1=" " ind2="7" tag="072"><subfield code="a">th</subfield><subfield code="2">SzZuIDS BS/BE</subfield></datafield><datafield ind1=" " ind2="7" tag="072"><subfield code="a">fl</subfield><subfield code="2">SzZuIDS BS/BE</subfield></datafield><datafield ind1="1" ind2=" " tag="080"><subfield code="a">840&quot;15&quot;CAL.J7Ins</subfield></datafield><datafield ind1="0" ind2="4" tag="082"><subfield code="a">284.2</subfield></datafield><datafield ind1="0" ind2="4" tag="082"><subfield code="a">230</subfield></datafield><datafield ind1="1" ind2="4" tag="082"><subfield code="a">284.2</subfield><subfield code="2">21</subfield></datafield><datafield ind1="1" ind2="4" tag="082"><subfield code="a">840</subfield><subfield code="2">15</subfield></datafield><datafield ind1=" " ind2=" " tag="084"><subfield code="a">IF 3457</subfield><subfield code="2">rvk</subfield></datafield><datafield ind1="1" ind2=" " tag="100"><subfield code="6">880-01</subfield><subfield code="a">Calvin, Jean</subfield><subfield code="d">1509-1564</subfield><subfield code="0">(IDREF)026763362</subfield><subfield code="4">cre</subfield></datafield><datafield ind1="1" ind2=" " tag="880"><subfield code="a">Calvin, Jean</subfield><subfield code="d">1509-1564</subfield><subfield code="6">100-01</subfield><subfield code="0">(DE-588)118518534</subfield></datafield><datafield ind1="1" ind2="0" tag="240"><subfield code="a">Institutio Christianae religionis</subfield></datafield><datafield ind1="1" ind2="0" tag="245"><subfield code="a">Institution de la religion chrétienne (1541)</subfield><subfield code="c">Jean Calvin ; éd. critique par Olivier Millet</subfield></datafield><datafield ind1=" " ind2="1" tag="264"><subfield code="a">Genève</subfield><subfield code="b">Droz</subfield><subfield code="c">2008</subfield></datafield><datafield ind1=" " ind2=" " tag="300"><subfield code="a">2 vol. (1816 p.)</subfield><subfield code="c">18 cm</subfield></datafield><datafield ind1=" " ind2=" " tag="336"><subfield code="b">txt</subfield><subfield code="2">rdacontent</subfield></datafield><datafield ind1=" " ind2=" " tag="337"><subfield code="b">n</subfield><subfield code="2">rdamedia</subfield></datafield><datafield ind1=" " ind2=" " tag="338"><subfield code="b">nc</subfield><subfield code="2">rdacarrier</subfield></datafield><datafield ind1="1" ind2=" " tag="490"><subfield code="a">Textes littéraires français</subfield><subfield code="v">598</subfield></datafield><datafield ind1=" " ind2=" " tag="500"><subfield code="a">Traduit de: Institutio religionis christianae</subfield></datafield><datafield ind1=" " ind2=" " tag="504"><subfield code="a">Tome 1, S. 65-82</subfield></datafield><datafield ind1="1" ind2="7" tag="600"><subfield code="a">Calvin, Jean</subfield><subfield code="d">1509-1564</subfield><subfield code="t">Institution de la religion chrétienne</subfield><subfield code="0">(IDREF)027632199</subfield><subfield code="2">idref</subfield></datafield><datafield ind1="1" ind2="7" tag="600"><subfield code="a">Calvin, Jean</subfield><subfield code="d">1509-1564</subfield><subfield code="t">Christianae religionis institutio</subfield><subfield code="0">(DE-588)4246570-9</subfield><subfield code="2">gnd</subfield></datafield><datafield ind1=" " ind2="7" tag="648"><subfield code="a">Geschichte 1541</subfield><subfield code="2">gnd</subfield></datafield><datafield ind1=" " ind2="7" tag="648"><subfield code="a">Geschichte 1541</subfield><subfield code="2">idszbz</subfield></datafield><datafield ind1=" " ind2="7" tag="650"><subfield code="a">Dogmatik</subfield><subfield code="0">(DE-588)4012624-9</subfield><subfield code="2">gnd</subfield></datafield><datafield ind1=" " ind2="7" tag="650"><subfield code="a">Dogmatik</subfield><subfield code="2">zbz</subfield></datafield><datafield ind1=" " ind2="7" tag="650"><subfield code="a">Reformierte Kirche</subfield><subfield code="2">zbz</subfield></datafield><datafield ind1=" " ind2="7" tag="650"><subfield code="a">Reformierte Theologie</subfield><subfield code="0">(DE-588)4215145-4</subfield><subfield code="2">gnd</subfield></datafield><datafield ind1=" " ind2="7" tag="650"><subfield code="a">Dogmatik</subfield><subfield code="2">idszbz</subfield></datafield><datafield ind1=" " ind2="7" tag="650"><subfield code="a">Reformierte Kirche</subfield><subfield code="2">idszbz</subfield></datafield><datafield ind1=" " ind2="7" tag="650"><subfield code="a">Philosophie</subfield><subfield code="0">(DE-588)4045791-6</subfield><subfield code="2">gnd</subfield></datafield><datafield ind1=" " ind2="7" tag="650"><subfield code="a">Calvinistische Theologie</subfield><subfield code="0">(DE-588)4741258-6</subfield><subfield code="2">gnd</subfield></datafield><datafield ind1=" " ind2="0" tag="650"><subfield code="a">Reformed Church</subfield><subfield code="x">Doctrines</subfield></datafield><datafield ind1=" " ind2="0" tag="650"><subfield code="a">Theology, Doctrinal</subfield></datafield><datafield ind1=" " ind2="7" tag="655"><subfield code="a">Quelle</subfield><subfield code="2">idszbz</subfield></datafield><datafield ind1="1" ind2="2" tag="700"><subfield code="a">Calvin, Jean</subfield><subfield code="d">1509-1564</subfield><subfield code="t">Institutio religionis christianae</subfield></datafield><datafield ind1="1" ind2=" " tag="700"><subfield code="a">Millet, Olivier</subfield><subfield code="d">1955-</subfield><subfield code="6">880-03</subfield><subfield code="0">(DE-588)1034188992</subfield></datafield><datafield ind1="1" ind2=" " tag="880"><subfield code="6">700-03</subfield><subfield code="a">Millet, Olivier</subfield><subfield code="0">(RERO)A003595968</subfield></datafield><datafield ind1="4" ind2=" " tag="856"><subfield code="3">Titelblatt und Inhaltsverzeichnis</subfield><subfield code="u">https://toc.library.ethz.ch/objects/pdf/z01_978-2-600-01240-9_01.pdf</subfield><subfield code="q">pdf</subfield></datafield><datafield ind1=" " ind2=" " tag="830"><subfield code="a">Textes littéraires français</subfield><subfield code="p">Droz</subfield><subfield code="v">598</subfield><subfield code="w">(NEBIS)001006778EBI01</subfield></datafield><datafield ind1=" " ind2=" " tag="900"><subfield code="a">REROnoselfmerge</subfield></datafield><datafield ind1=" " ind2=" " tag="900"><subfield code="a">IDSZ2zbzmon200902e</subfield><subfield code="c">IDSZ2engl</subfield><subfield code="d">IDSZ2zbzswk200902b</subfield><subfield code="e">IDSZ2haag</subfield></datafield><datafield ind1=" " ind2=" " tag="949"><subfield code="a">https://toc.library.ethz.ch/objects/pdf/z01_978-2-600-01240-9_01.pdf</subfield></datafield><datafield ind1=" " ind2=" " tag="993"><subfield code="a">MHR A 12,1(2008)</subfield><subfield code="x">ge/mhr-/9308</subfield><subfield code="9">LOCAL</subfield></datafield></record>
</metadata></record>