<record><header><identifier>oai:alma.41SLSP_UGE:991000801499705502</identifier><datestamp>2023-11-25T01:44:10Z</datestamp><setSpec>uge_bcen_RapidILL_BOOK</setSpec><setSpec>uge_aaca_RapidILL_BOOK</setSpec><setSpec>uge_abels_RapidILL_BOOK</setSpec><setSpec>uge_dbu_RapidILL_BOOK</setSpec><setSpec>uge_cmu_RapidILL_BOOK</setSpec><setSpec>uge_mail_RapidILL_BOOK</setSpec><setSpec>uge_abbat_RapidILL_BOOK</setSpec><setSpec>UNIGE_ALL</setSpec><setSpec>uge_aobs_RapidILL_BOOK</setSpec><setSpec>uge_acar_RapidILL_BOOK</setSpec></header><metadata>
<record xmlns="http://www.loc.gov/MARC21/slim" xmlns:xsi="http://www.w3.org/2001/XMLSchema-instance" xsi:schemaLocation="http://www.loc.gov/MARC21/slim http://www.loc.gov/standards/marcxml/schema/MARC21slim.xsd"><leader>02518nam a2200517 c 4500</leader><controlfield tag="001">991000801499705502</controlfield><controlfield tag="005">20230630213935.0</controlfield><controlfield tag="008">960525s1965    gw ||||| |||| 10| ||ger d</controlfield><datafield ind1=" " ind2=" " tag="035"><subfield code="a">(swissbib)076897311-41slsp_network</subfield></datafield><datafield ind1=" " ind2=" " tag="035"><subfield code="a">076897311</subfield><subfield code="9">ExL</subfield></datafield><datafield ind1=" " ind2=" " tag="035"><subfield code="a">(RERO)0080132-41slsp</subfield></datafield><datafield ind1=" " ind2=" " tag="035"><subfield code="a">(ALEX)bv80026558</subfield></datafield><datafield ind1=" " ind2=" " tag="035"><subfield code="a">(EXLNZ-41SLSP_NETWORK)991115645879705501</subfield></datafield><datafield ind1=" " ind2=" " tag="040"><subfield code="a">RERO</subfield><subfield code="d">CH-ZuSLS</subfield></datafield><datafield ind1=" " ind2="7" tag="072"><subfield code="a">dr</subfield><subfield code="2">rero</subfield></datafield><datafield ind1=" " ind2="7" tag="072"><subfield code="a">sp</subfield><subfield code="2">rero</subfield></datafield><datafield ind1=" " ind2=" " tag="084"><subfield code="a">A 12 e</subfield><subfield code="2">cjurrom</subfield></datafield><datafield ind1=" " ind2=" " tag="084"><subfield code="a">CA/D 34 e</subfield><subfield code="2">cjurrom</subfield></datafield><datafield ind1="0" ind2="0" tag="245"><subfield code="a">Berichte [...] und Aussprache zu den Berichten in den Verhandlungen der Tagung der Deutschen Staatsrechtslehrer zu Saarbruecken vom 9. bis 12. Oktober 1963</subfield><subfield code="c">Vereinigung der Deutschen Staatsrechtslehrer</subfield></datafield><datafield ind1=" " ind2="1" tag="264"><subfield code="a">Berlin</subfield><subfield code="b">W. de Gruyter</subfield><subfield code="c">1965</subfield></datafield><datafield ind1=" " ind2=" " tag="300"><subfield code="a">384 S.</subfield><subfield code="c">22 cm</subfield></datafield><datafield ind1=" " ind2=" " tag="336"><subfield code="b">txt</subfield><subfield code="2">rdacontent</subfield></datafield><datafield ind1=" " ind2=" " tag="337"><subfield code="b">n</subfield><subfield code="2">rdamedia</subfield></datafield><datafield ind1=" " ind2=" " tag="338"><subfield code="b">nc</subfield><subfield code="2">rdacarrier</subfield></datafield><datafield ind1="1" ind2=" " tag="490"><subfield code="a">Veröffentlichungen der Vereinigung der Deutschen Staatsrechtslehrer</subfield><subfield code="v">H. 22</subfield></datafield><datafield ind1="0" ind2=" " tag="505"><subfield code="a">Pressefreiheit / von Ulrich Scheuner und Roman Schnur. Staatsaufsicht in Verwaltung und Wirtschaft / von Jürgen Salzwedel und Martin Bullinger</subfield></datafield><datafield ind1=" " ind2="7" tag="650"><subfield code="a">Grundrecht</subfield><subfield code="9">ger</subfield><subfield code="0">(RERO)jurivoc000010415ger</subfield><subfield code="2">jurivoc</subfield></datafield><datafield ind1=" " ind2="7" tag="650"><subfield code="a">Presse</subfield><subfield code="9">ger</subfield><subfield code="0">(RERO)jurivoc000017579ger</subfield><subfield code="2">jurivoc</subfield></datafield><datafield ind1=" " ind2="7" tag="650"><subfield code="a">Verfassungsrecht</subfield><subfield code="9">ger</subfield><subfield code="0">(RERO)jurivoc000024431ger</subfield><subfield code="2">jurivoc</subfield></datafield><datafield ind1=" " ind2="7" tag="650"><subfield code="a">Staatsorganisation und Verwaltung</subfield><subfield code="9">ger</subfield><subfield code="0">(RERO)jurivoc000021182ger</subfield><subfield code="2">jurivoc</subfield></datafield><datafield ind1=" " ind2="7" tag="650"><subfield code="a">ausländisches Recht</subfield><subfield code="9">ger</subfield><subfield code="0">(RERO)jurivoc000002276ger</subfield><subfield code="2">jurivoc</subfield></datafield><datafield ind1=" " ind2="7" tag="650"><subfield code="a">behördliche Aufsicht</subfield><subfield code="9">ger</subfield><subfield code="0">(RERO)jurivoc000003071ger</subfield><subfield code="2">jurivoc</subfield></datafield><datafield ind1=" " ind2="7" tag="650"><subfield code="a">administration publique - contrôle</subfield><subfield code="0">(RERO)A009953882</subfield><subfield code="2">rerovoc</subfield></datafield><datafield ind1=" " ind2="7" tag="650"><subfield code="a">État</subfield><subfield code="0">(IDREF)027297942</subfield><subfield code="2">idref</subfield></datafield><datafield ind1=" " ind2="7" tag="650"><subfield code="a">Administration publique</subfield><subfield code="0">(IDREF)02721835X</subfield><subfield code="2">idref</subfield></datafield><datafield ind1=" " ind2="7" tag="650"><subfield code="a">surveillance de l'Etat</subfield><subfield code="0">(RERO)A010031290</subfield><subfield code="2">rerovoc</subfield></datafield><datafield ind1=" " ind2="7" tag="650"><subfield code="a">Liberté de la presse</subfield><subfield code="0">(IDREF)027236579</subfield><subfield code="2">idref</subfield></datafield><datafield ind1=" " ind2="7" tag="651"><subfield code="a">Deutschland</subfield><subfield code="9">ger</subfield><subfield code="0">(RERO)jurivoc000005510ger</subfield><subfield code="2">jurivoc</subfield></datafield><datafield ind1="1" ind2="2" tag="700"><subfield code="a">Scheuner, Ulrich</subfield><subfield code="t">Pressefreiheit</subfield></datafield><datafield ind1="1" ind2="2" tag="700"><subfield code="a">Schnur, Roman</subfield><subfield code="t">Pressefreiheit</subfield></datafield><datafield ind1="1" ind2="2" tag="700"><subfield code="a">Salzwedel, Jürgen</subfield><subfield code="t">Staatsaufsicht in Verwaltung und Wirtschaft</subfield></datafield><datafield ind1="1" ind2="2" tag="700"><subfield code="a">Bullinger, Martin</subfield><subfield code="t">Staatsaufsicht in Verwaltung und Wirtschaft</subfield></datafield><datafield ind1="1" ind2=" " tag="700"><subfield code="a">Scheuner, Ulrich</subfield></datafield><datafield ind1="1" ind2=" " tag="700"><subfield code="a">Schnur, Roman</subfield></datafield><datafield ind1="1" ind2=" " tag="700"><subfield code="a">Salzwedel, Jürgen</subfield></datafield><datafield ind1="1" ind2=" " tag="700"><subfield code="a">Bullinger, Martin</subfield></datafield><datafield ind1="2" ind2=" " tag="710"><subfield code="a">Vereinigung der Deutschen Staatsrechtslehrer</subfield><subfield code="b">Tagung</subfield><subfield code="d">1963</subfield><subfield code="c">Saarbrücken</subfield><subfield code="0">(RERO)A012333855</subfield></datafield><datafield ind1=" " ind2="0" tag="830"><subfield code="a">Veröffentlichungen der Vereinigung der Deutschen Staatsrechtslehrer</subfield><subfield code="v">22</subfield><subfield code="w">(RERO)0080100-41slsp</subfield></datafield><datafield ind1=" " ind2="0" tag="830"><subfield code="a">Veröffentlichungen der Vereinigung der Deutschen Staatsrechtslehrer</subfield><subfield code="v">25</subfield><subfield code="w">(ALEX)bv01063667</subfield></datafield></record>
</metadata></record>