<record><header><identifier>oai:alma.41SLSP_UGE:991000802229705502</identifier><datestamp>2023-03-01T01:09:43Z</datestamp><setSpec>uge_bcen_RapidILL_BOOK</setSpec><setSpec>uge_aaca_RapidILL_BOOK</setSpec><setSpec>uge_abels_RapidILL_BOOK</setSpec><setSpec>uge_dbu_RapidILL_BOOK</setSpec><setSpec>uge_cmu_RapidILL_BOOK</setSpec><setSpec>uge_mail_RapidILL_BOOK</setSpec><setSpec>UNIGE_ALL</setSpec><setSpec>uge_abbat_RapidILL_BOOK</setSpec><setSpec>uge_aobs_RapidILL_BOOK</setSpec><setSpec>uge_acar_RapidILL_BOOK</setSpec></header><metadata>
<record xmlns="http://www.loc.gov/MARC21/slim" xmlns:xsi="http://www.w3.org/2001/XMLSchema-instance" xsi:schemaLocation="http://www.loc.gov/MARC21/slim http://www.loc.gov/standards/marcxml/schema/MARC21slim.xsd"><leader>00880nam a2200277 c 4500</leader><controlfield tag="001">991000802229705502</controlfield><controlfield tag="005">20201225182755.0</controlfield><controlfield tag="008">860821s1982    gw ||||| |||| 00| ||ger d</controlfield><datafield ind1=" " ind2=" " tag="020"><subfield code="a">3811867288</subfield></datafield><datafield ind1=" " ind2=" " tag="035"><subfield code="a">(swissbib)081026404-41slsp_network</subfield></datafield><datafield ind1=" " ind2=" " tag="035"><subfield code="a">081026404</subfield><subfield code="9">ExL</subfield></datafield><datafield ind1=" " ind2=" " tag="035"><subfield code="a">(RERO)0743174-41slsp</subfield></datafield><datafield ind1=" " ind2=" " tag="035"><subfield code="a">(EXLNZ-41SLSP_NETWORK)991053851649705501</subfield></datafield><datafield ind1=" " ind2=" " tag="040"><subfield code="a">RERO geudbu</subfield><subfield code="d">CH-ZuSLS</subfield></datafield><datafield ind1="1" ind2=" " tag="041"><subfield code="a">ger</subfield><subfield code="h">eng</subfield></datafield><datafield ind1=" " ind2="7" tag="072"><subfield code="a">an</subfield><subfield code="2">rero</subfield></datafield><datafield ind1="0" ind2="0" tag="245"><subfield code="a">&lt;&lt;Das&gt;&gt; Treffen mit Medusa</subfield><subfield code="b">und andere &quot;Nebula&quot; Preis Stories</subfield><subfield code="c">hrsg. von Isaac Asimov ; [aus dem Amerikanischen von Eva Malsch]</subfield></datafield><datafield ind1=" " ind2="1" tag="264"><subfield code="a">Rastatt</subfield><subfield code="b">Moewig</subfield><subfield code="c">[1982]</subfield></datafield><datafield ind1=" " ind2="4" tag="264"><subfield code="c">© 1982</subfield></datafield><datafield ind1=" " ind2=" " tag="300"><subfield code="a">268 p.</subfield><subfield code="c">18 cm</subfield></datafield><datafield ind1=" " ind2=" " tag="336"><subfield code="b">txt</subfield><subfield code="2">rdacontent</subfield></datafield><datafield ind1=" " ind2=" " tag="337"><subfield code="b">n</subfield><subfield code="2">rdamedia</subfield></datafield><datafield ind1=" " ind2=" " tag="338"><subfield code="b">nc</subfield><subfield code="2">rdacarrier</subfield></datafield><datafield ind1="0" ind2=" " tag="490"><subfield code="a">Playboy Science Fiction</subfield></datafield><datafield ind1="1" ind2=" " tag="700"><subfield code="a">Asimov, Isaac</subfield><subfield code="d">1920-1992</subfield><subfield code="0">(IDREF)026693054</subfield></datafield><datafield ind1="1" ind2=" " tag="700"><subfield code="a">Malsch, Eva</subfield><subfield code="0">(RERO)A003555082</subfield></datafield><datafield ind1=" " ind2=" " tag="900"><subfield code="a">REROnoselfmerge</subfield></datafield></record>
</metadata></record>