<record><header><identifier>oai:alma.41SLSP_UGE:991000801709705502</identifier><datestamp>2023-11-25T02:41:38Z</datestamp><setSpec>uge_bcen_RapidILL_BOOK</setSpec><setSpec>uge_aaca_RapidILL_BOOK</setSpec><setSpec>uge_abels_RapidILL_BOOK</setSpec><setSpec>uge_dbu_RapidILL_BOOK</setSpec><setSpec>uge_cmu_RapidILL_BOOK</setSpec><setSpec>uge_mail_RapidILL_BOOK</setSpec><setSpec>uge_abbat_RapidILL_BOOK</setSpec><setSpec>UNIGE_ALL</setSpec><setSpec>uge_acar_RapidILL_BOOK</setSpec><setSpec>uge_aobs_RapidILL_BOOK</setSpec></header><metadata>
<record xmlns="http://www.loc.gov/MARC21/slim" xmlns:xsi="http://www.w3.org/2001/XMLSchema-instance" xsi:schemaLocation="http://www.loc.gov/MARC21/slim http://www.loc.gov/standards/marcxml/schema/MARC21slim.xsd"><leader>01836naa a2200385 c 4500</leader><controlfield tag="001">991000801709705502</controlfield><controlfield tag="005">20230629192041.0</controlfield><controlfield tag="008">040519s2004    sz ||||| |||| 10| ||ger d</controlfield><datafield ind1=" " ind2=" " tag="035"><subfield code="a">(swissbib)10060854X-41slsp_network</subfield></datafield><datafield ind1=" " ind2=" " tag="035"><subfield code="a">10060854X</subfield><subfield code="9">ExL</subfield></datafield><datafield ind1=" " ind2=" " tag="035"><subfield code="a">(RERO)R003639065-41slsp</subfield></datafield><datafield ind1=" " ind2=" " tag="035"><subfield code="a">(ALEX)bv000846738</subfield></datafield><datafield ind1=" " ind2=" " tag="035"><subfield code="a">(EXLNZ-41SLSP_NETWORK)991014493109705501</subfield></datafield><datafield ind1=" " ind2=" " tag="040"><subfield code="a">RERO geubfd</subfield><subfield code="d">CH-ZuSLS</subfield></datafield><datafield ind1=" " ind2=" " tag="044"><subfield code="a">sz</subfield><subfield code="c">ch-zh</subfield><subfield code="a">sz</subfield><subfield code="c">ch-bs</subfield><subfield code="a">sz</subfield><subfield code="c">ch-ge</subfield></datafield><datafield ind1=" " ind2="7" tag="072"><subfield code="a">dr</subfield><subfield code="2">rero</subfield></datafield><datafield ind1=" " ind2=" " tag="084"><subfield code="a">CA/CH 75 i</subfield><subfield code="2">cjurrom</subfield></datafield><datafield ind1=" " ind2=" " tag="084"><subfield code="a">CA/CH 83 i</subfield><subfield code="2">cjurrom</subfield></datafield><datafield ind1=" " ind2=" " tag="084"><subfield code="a">CA/CH 85 i</subfield><subfield code="2">cjurrom</subfield></datafield><datafield ind1="1" ind2=" " tag="100"><subfield code="a">Karlen, Urs</subfield><subfield code="0">(RERO)A003442723</subfield><subfield code="4">cre</subfield></datafield><datafield ind1="1" ind2="0" tag="245"><subfield code="a">&lt;&lt;&quot;Die&gt;&gt; VVG-Revision - ein Spagat zwischen Konsumentenschutz und Vertragsfreiheit&quot;</subfield><subfield code="c">Urs Karlen</subfield></datafield><datafield ind1=" " ind2=" " tag="336"><subfield code="b">txt</subfield><subfield code="2">rdacontent</subfield></datafield><datafield ind1=" " ind2=" " tag="337"><subfield code="b">n</subfield><subfield code="2">rdamedia</subfield></datafield><datafield ind1=" " ind2=" " tag="338"><subfield code="b">nc</subfield><subfield code="2">rdacarrier</subfield></datafield><datafield ind1=" " ind2=" " tag="580"><subfield code="a">In: Retouchen oder Reformen ?. - Zürich ; Basel ; Genf : Schulthess, 2004. - P. 185-188</subfield></datafield><datafield ind1=" " ind2="7" tag="650"><subfield code="a">Privatversicherung</subfield><subfield code="9">ger</subfield><subfield code="0">(RERO)jurivoc000017709ger</subfield><subfield code="2">jurivoc</subfield></datafield><datafield ind1=" " ind2="7" tag="650"><subfield code="a">Versicherungsvertrag</subfield><subfield code="9">ger</subfield><subfield code="0">(RERO)jurivoc000025127ger</subfield><subfield code="2">jurivoc</subfield></datafield><datafield ind1=" " ind2="7" tag="650"><subfield code="a">Revision(Rechtssetzung)</subfield><subfield code="9">ger</subfield><subfield code="0">(RERO)jurivoc000018895ger</subfield><subfield code="2">jurivoc</subfield></datafield><datafield ind1=" " ind2="7" tag="650"><subfield code="a">Konsumentenschutz</subfield><subfield code="9">ger</subfield><subfield code="0">(RERO)jurivoc000013262ger</subfield><subfield code="2">jurivoc</subfield></datafield><datafield ind1=" " ind2="7" tag="650"><subfield code="a">Vertragsfreiheit</subfield><subfield code="9">ger</subfield><subfield code="0">(RERO)jurivoc000025254ger</subfield><subfield code="2">jurivoc</subfield></datafield><datafield ind1=" " ind2="7" tag="650"><subfield code="a">assurances privées</subfield><subfield code="0">(RERO)A009963114</subfield><subfield code="2">rerovoc</subfield></datafield><datafield ind1=" " ind2="7" tag="650"><subfield code="a">Assurance</subfield><subfield code="x">Polices</subfield><subfield code="0">(IDREF)027848191</subfield><subfield code="2">idref</subfield></datafield><datafield ind1=" " ind2="7" tag="650"><subfield code="a">Consommateurs</subfield><subfield code="0">(IDREF)027466345</subfield><subfield code="2">idref</subfield></datafield><datafield ind1=" " ind2="7" tag="650"><subfield code="a">Protection</subfield><subfield code="0">(IDREF)027790150</subfield><subfield code="2">idref</subfield></datafield><datafield ind1=" " ind2="7" tag="651"><subfield code="a">Schweiz</subfield><subfield code="9">ger</subfield><subfield code="0">(RERO)jurivoc000019912ger</subfield><subfield code="2">jurivoc</subfield></datafield><datafield ind1=" " ind2="7" tag="651"><subfield code="a">Suisse</subfield><subfield code="0">(IDREF)027249654</subfield><subfield code="2">idref</subfield></datafield><datafield ind1="0" ind2=" " tag="773"><subfield code="t">Retouchen oder Reformen ? : die hängigen Gesetzesrevisionen im Bereich Haftung und Versicherung auf dem Prüfstand : Beiträge zur Tagung vom 22. April 2004 und weitere Beiträge und Materialien zum Themenkreis</subfield><subfield code="g">185</subfield><subfield code="w">(RERO)R003638824-41slsp</subfield></datafield></record>
</metadata></record>