<record><header><identifier>oai:alma.41SLSP_UGE:991000801819705502</identifier><datestamp>2024-07-29T00:19:21Z</datestamp><setSpec>uge_bcen_RapidILL_BOOK</setSpec><setSpec>uge_aaca_RapidILL_BOOK</setSpec><setSpec>uge_abels_RapidILL_BOOK</setSpec><setSpec>uge_dbu_RapidILL_BOOK</setSpec><setSpec>uge_cmu_RapidILL_BOOK</setSpec><setSpec>uge_mail_RapidILL_BOOK</setSpec><setSpec>uge_abbat_RapidILL_BOOK</setSpec><setSpec>UNIGE_ALL</setSpec><setSpec>uge_acar_RapidILL_BOOK</setSpec><setSpec>uge_aobs_RapidILL_BOOK</setSpec></header><metadata>
<record xmlns="http://www.loc.gov/MARC21/slim" xmlns:xsi="http://www.w3.org/2001/XMLSchema-instance" xsi:schemaLocation="http://www.loc.gov/MARC21/slim http://www.loc.gov/standards/marcxml/schema/MARC21slim.xsd"><leader>02331nam a2200577 ca4500</leader><controlfield tag="001">991000801819705502</controlfield><controlfield tag="005">20240711135630.0</controlfield><controlfield tag="008">201011m19959999gw ||||| |||| 00| ||ger d</controlfield><datafield ind1=" " ind2=" " tag="019"><subfield code="a">Übergeordnete Aufnahme = Niveau supérieur = Livello superiore</subfield><subfield code="5">SLSP/2020</subfield></datafield><datafield ind1=" " ind2=" " tag="035"><subfield code="a">(swissbib)230344860-41slsp_network</subfield></datafield><datafield ind1=" " ind2=" " tag="035"><subfield code="a">230344860</subfield><subfield code="9">ExL</subfield></datafield><datafield ind1=" " ind2=" " tag="035"><subfield code="a">(RERO)2126480-41slsp</subfield></datafield><datafield ind1=" " ind2=" " tag="035"><subfield code="a">(IDSBB)001182210DSV01</subfield></datafield><datafield ind1=" " ind2=" " tag="035"><subfield code="a">(EXLNZ-41SLSP_NETWORK)991131117159705501</subfield></datafield><datafield ind1=" " ind2=" " tag="040"><subfield code="a">RERO gevbpu</subfield><subfield code="d">CH-ZuSLS</subfield></datafield><datafield ind1=" " ind2="7" tag="072"><subfield code="a">dr</subfield><subfield code="2">rero</subfield></datafield><datafield ind1=" " ind2="7" tag="072"><subfield code="a">ht</subfield><subfield code="2">rero</subfield></datafield><datafield ind1=" " ind2="7" tag="072"><subfield code="a">ag</subfield><subfield code="2">SzZuIDS BS/BE</subfield></datafield><datafield ind1=" " ind2="7" tag="072"><subfield code="a">rb</subfield><subfield code="2">SzZuIDS BS/BE</subfield></datafield><datafield ind1="1" ind2=" " tag="080"><subfield code="a">931(02)</subfield></datafield><datafield ind1="1" ind2="4" tag="082"><subfield code="a">930</subfield><subfield code="2">15</subfield></datafield><datafield ind1="1" ind2="4" tag="082"><subfield code="a">340</subfield><subfield code="2">15</subfield></datafield><datafield ind1="1" ind2=" " tag="100"><subfield code="6">880-01</subfield><subfield code="a">Kunkel, Wolfgang</subfield><subfield code="d">1902-1981</subfield><subfield code="0">(IDREF)031636799</subfield><subfield code="4">cre</subfield></datafield><datafield ind1="1" ind2=" " tag="880"><subfield code="a">Kunkel, Wolfgang</subfield><subfield code="d">1902-1981</subfield><subfield code="6">100-01</subfield><subfield code="0">(DE-588)116610751</subfield></datafield><datafield ind1="1" ind2="0" tag="245"><subfield code="a">Staatsordnung und Staatspraxis der Römischen Republik</subfield><subfield code="c">von Wolfgang Kunkel ; hrsg. und fortgeführt von Hartmut Galsterer, Christian Meier, Roland Wittmann</subfield></datafield><datafield ind1=" " ind2="1" tag="264"><subfield code="a">München</subfield><subfield code="b">C.H. Beck</subfield><subfield code="c">1995-&gt;</subfield></datafield><datafield ind1=" " ind2=" " tag="300"><subfield code="c">25 cm</subfield></datafield><datafield ind1=" " ind2=" " tag="336"><subfield code="b">txt</subfield><subfield code="2">rdacontent</subfield></datafield><datafield ind1=" " ind2=" " tag="337"><subfield code="b">n</subfield><subfield code="2">rdamedia</subfield></datafield><datafield ind1=" " ind2=" " tag="338"><subfield code="b">nc</subfield><subfield code="2">rdacarrier</subfield></datafield><datafield ind1="1" ind2=" " tag="490"><subfield code="a">Handbuch der Altertumswissenschaft. Abt. 10, Rechtsgeschichte des Altertums</subfield><subfield code="v">Teil 3, Bd. 2</subfield></datafield><datafield ind1="1" ind2=" " tag="490"><subfield code="a">Handbuch der Altertumswissenschaft</subfield><subfield code="v">Abt. 10, Tl. 3, Bd. 2</subfield></datafield><datafield ind1=" " ind2="4" tag="648"><subfield code="a">Geschichte 470 v. Chr.-27 v. Chr</subfield></datafield><datafield ind1=" " ind2="4" tag="648"><subfield code="a">Geschichte 500 v. Chr.-31 v. Chr</subfield></datafield><datafield ind1=" " ind2="4" tag="648"><subfield code="a">Geschichte</subfield></datafield><datafield ind1=" " ind2="7" tag="650"><subfield code="a">État</subfield><subfield code="0">(IDREF)027297942</subfield><subfield code="2">idref</subfield></datafield><datafield ind1=" " ind2="7" tag="650"><subfield code="a">Institutions politiques</subfield><subfield code="0">(IDREF)027994775</subfield><subfield code="2">idref</subfield></datafield><datafield ind1=" " ind2="7" tag="650"><subfield code="a">Administration publique</subfield><subfield code="0">(IDREF)02721835X</subfield><subfield code="2">idref</subfield></datafield><datafield ind1=" " ind2="7" tag="650"><subfield code="a">Verfassung</subfield><subfield code="z">Römer</subfield><subfield code="2">idsbb</subfield></datafield><datafield ind1=" " ind2="4" tag="650"><subfield code="a">Magistrat</subfield></datafield><datafield ind1=" " ind2="4" tag="650"><subfield code="a">Recht</subfield></datafield><datafield ind1=" " ind2="4" tag="650"><subfield code="a">Staatsorganisation</subfield></datafield><datafield ind1=" " ind2="4" tag="650"><subfield code="a">Staatsrecht</subfield></datafield><datafield ind1=" " ind2="7" tag="651"><subfield code="a">Rome</subfield><subfield code="0">(IDREF)027243001</subfield><subfield code="2">idref</subfield></datafield><datafield ind1=" " ind2="4" tag="651"><subfield code="a">Römisches Reich</subfield></datafield><datafield ind1=" " ind2="7" tag="651"><subfield code="a">Rome</subfield><subfield code="y">509-30 av. J.-C. (République)</subfield><subfield code="0">(IDREF)027480410</subfield><subfield code="2">idref</subfield></datafield><datafield ind1="1" ind2=" " tag="700"><subfield code="a">Meier, Christian</subfield><subfield code="d">1929-</subfield><subfield code="0">(DE-588)121133729</subfield></datafield><datafield ind1="1" ind2=" " tag="700"><subfield code="a">Wittmann, Roland</subfield><subfield code="d">1942-2019</subfield><subfield code="0">(DE-588)131949039</subfield></datafield><datafield ind1="1" ind2=" " tag="700"><subfield code="a">Galsterer, Hartmut</subfield><subfield code="d">1939-....</subfield><subfield code="0">(IDREF)028510410</subfield></datafield><datafield ind1=" " ind2="0" tag="830"><subfield code="a">Handbuch der Altertumswissenschaft</subfield><subfield code="v">10,3,2</subfield><subfield code="w">(RERO)0007928-41slsp</subfield></datafield><datafield ind1=" " ind2="0" tag="830"><subfield code="a">Rechtsgeschichte des Altertums</subfield><subfield code="v">3,2</subfield><subfield code="w">(RERO)0056322-41slsp</subfield></datafield><datafield ind1=" " ind2="0" tag="830"><subfield code="a">Handbuch der Altertumswissenschaft</subfield><subfield code="v">10/3/2</subfield><subfield code="w">(IDSBB)000037721DSV01</subfield></datafield></record>
</metadata></record>