<record><header><identifier>oai:alma.41SLSP_UGE:991000801609705502</identifier><datestamp>2023-03-01T01:09:43Z</datestamp><setSpec>uge_bcen_RapidILL_BOOK</setSpec><setSpec>uge_aaca_RapidILL_BOOK</setSpec><setSpec>uge_abels_RapidILL_BOOK</setSpec><setSpec>uge_dbu_RapidILL_BOOK</setSpec><setSpec>uge_cmu_RapidILL_BOOK</setSpec><setSpec>uge_mail_RapidILL_BOOK</setSpec><setSpec>UNIGE_ALL</setSpec><setSpec>uge_abbat_RapidILL_BOOK</setSpec><setSpec>uge_acar_RapidILL_BOOK</setSpec><setSpec>uge_aobs_RapidILL_BOOK</setSpec></header><metadata>
<record xmlns="http://www.loc.gov/MARC21/slim" xmlns:xsi="http://www.w3.org/2001/XMLSchema-instance" xsi:schemaLocation="http://www.loc.gov/MARC21/slim http://www.loc.gov/standards/marcxml/schema/MARC21slim.xsd"><leader>03921nam a2200565 c 4500</leader><controlfield tag="001">991000801609705502</controlfield><controlfield tag="005">20230117185707.0</controlfield><controlfield tag="008">201012s2019    be       c||| 000 0 fre|d</controlfield><datafield ind1=" " ind2=" " tag="020"><subfield code="a">2804707261</subfield></datafield><datafield ind1=" " ind2=" " tag="020"><subfield code="a">9782804707262</subfield></datafield><datafield ind1="7" ind2=" " tag="024"><subfield code="a">http://catalogue.bnf.fr/ark:/12148/cb456773098</subfield><subfield code="2">uri</subfield></datafield><datafield ind1=" " ind2=" " tag="035"><subfield code="a">(swissbib)240502183-41slsp_network</subfield></datafield><datafield ind1=" " ind2=" " tag="035"><subfield code="a">240502183</subfield><subfield code="9">ExL</subfield></datafield><datafield ind1=" " ind2=" " tag="035"><subfield code="a">(IDSBB)007100539DSV01</subfield></datafield><datafield ind1=" " ind2=" " tag="035"><subfield code="a">(RERO)R008905832-41slsp</subfield></datafield><datafield ind1=" " ind2=" " tag="035"><subfield code="a">(OCoLC)1103472888</subfield></datafield><datafield ind1=" " ind2=" " tag="035"><subfield code="a">(EXLNZ-41SLSP_NETWORK)991073652109705501</subfield></datafield><datafield ind1=" " ind2=" " tag="040"><subfield code="a">DEBBG</subfield><subfield code="b">ger</subfield><subfield code="e">rda</subfield><subfield code="d">CH-ZuSLS</subfield></datafield><datafield ind1=" " ind2=" " tag="044"><subfield code="a">be</subfield><subfield code="c">XA-BE</subfield></datafield><datafield ind1=" " ind2="4" tag="050"><subfield code="a">N6480-6495</subfield></datafield><datafield ind1=" " ind2="7" tag="072"><subfield code="a">ba</subfield><subfield code="2">rero</subfield></datafield><datafield ind1="0" ind2="4" tag="082"><subfield code="a">709.04</subfield></datafield><datafield ind1="1" ind2="4" tag="082"><subfield code="a">700</subfield><subfield code="2">15</subfield></datafield><datafield ind1=" " ind2=" " tag="084"><subfield code="a">KUNST</subfield><subfield code="2">fid</subfield></datafield><datafield ind1="0" ind2="0" tag="245"><subfield code="a">Giorgio de Chirico: aux origines du surréalisme belge</subfield><subfield code="b">Magritte - Delvaux - Graverol</subfield><subfield code="c">Direction scientifique: Laura Neve</subfield></datafield><datafield ind1=" " ind2="1" tag="264"><subfield code="a">Bruxelles</subfield><subfield code="b">Mardaga</subfield><subfield code="c">[2019]</subfield></datafield><datafield ind1=" " ind2=" " tag="300"><subfield code="a">143 Seiten</subfield><subfield code="b">Illustrationen</subfield></datafield><datafield ind1=" " ind2=" " tag="336"><subfield code="b">sti</subfield><subfield code="2">rdacontent</subfield></datafield><datafield ind1=" " ind2=" " tag="336"><subfield code="b">txt</subfield><subfield code="2">rdacontent</subfield></datafield><datafield ind1=" " ind2=" " tag="337"><subfield code="b">n</subfield><subfield code="2">rdamedia</subfield></datafield><datafield ind1=" " ind2=" " tag="338"><subfield code="b">nc</subfield><subfield code="2">rdacarrier</subfield></datafield><datafield ind1=" " ind2=" " tag="500"><subfield code="a">Katalog zur gleichnamigen Ausstellung im Musée des Beaux-Arts de Mons, Mons, 16.02. - 02.06.2019</subfield></datafield><datafield ind1=" " ind2=" " tag="500"><subfield code="a">Publié à l'occasion de l'exposition présentée au BAM (Musée des Beaux-Arts de Mons) du 16 février au 2 juin 2019</subfield></datafield><datafield ind1=" " ind2=" " tag="520"><subfield code="a">'Giorgio de Chirico, aux origines du surréalisme belge. René Magritte, Paul Delvaux, Jane Graverol' invite à se plonger dans l'univers métaphysique de l'artiste italien considéré, dès 1910, comme le précurseur du surréalisme. La sélection de plus de quarante peintures, dessins et sculptures jalonnant la carrière de l'artiste souligne les fils conducteurs de l'œuvre, à la fois riche et singulière, de l'un des plus grands artistes du XXè siècle. A l'occasion de l'exposition consacrée à de Chirico, nourrie par de nombreux prêts prestigieux, dont près de trente pièces issues du Musée d'Art moderne de la Ville de Paris, et grâce à la contribution de spécialistes, cette publication aide mieux à appréhender l'oeuvre de Chirico, qui a souvent été réduite à ses premières années de production. Cet ouvrage entend également montrer combien l'influence de Chirico sur le développement du surréalisme en Belgique est déterminante. Pour les figures majeures que sont René Magritte, Paul Delvaux et Jane Graverol, de Chirico revêt une importance particulière : son travail guide l'évolution de leur parcours et sera pour eux un modèle. Ils lui empruntent une approche poétique de la création, une atmosphère mystérieuse, une liberté de représentation du réel et divers thèmes qui habitent l'oeuvre entière de Chirico              autant d'éléments qui nourrissent un passionnant dialogue. Exhibition: Beaux-Arts Mons, Belgium (16.02.-02.06.2019).</subfield></datafield><datafield ind1="1" ind2="7" tag="600"><subfield code="a">De Chirico, Giorgio</subfield><subfield code="d">1888-1978</subfield><subfield code="0">(DE-588)118524208</subfield><subfield code="2">gnd</subfield></datafield><datafield ind1="1" ind2="7" tag="600"><subfield code="a">Delvaux, Paul</subfield><subfield code="d">1897-1994</subfield><subfield code="0">(DE-588)118679430</subfield><subfield code="2">gnd</subfield></datafield><datafield ind1="1" ind2="7" tag="600"><subfield code="a">Gaffé, René</subfield><subfield code="d">1887-1968</subfield><subfield code="0">(DE-588)12407538X</subfield><subfield code="2">gnd</subfield></datafield><datafield ind1="1" ind2="7" tag="600"><subfield code="a">Graverol, Jane</subfield><subfield code="d">1905-1984</subfield><subfield code="0">(DE-588)124542948</subfield><subfield code="2">gnd</subfield></datafield><datafield ind1="1" ind2="7" tag="600"><subfield code="a">Magritte, René</subfield><subfield code="d">1898-1967</subfield><subfield code="0">(DE-588)118576208</subfield><subfield code="2">gnd</subfield></datafield><datafield ind1="1" ind2="7" tag="600"><subfield code="a">De Chirico, Giorgio</subfield><subfield code="d">1888-1978</subfield><subfield code="0">(IDREF)026814722</subfield><subfield code="2">idref</subfield></datafield><datafield ind1=" " ind2="7" tag="650"><subfield code="a">Rezeption</subfield><subfield code="0">(DE-588)4049716-1</subfield><subfield code="2">gnd</subfield></datafield><datafield ind1=" " ind2="7" tag="655"><subfield code="a">Ausstellungskatalog</subfield><subfield code="z">Mons (Bruxelles, Canton)</subfield><subfield code="y">2019</subfield><subfield code="2">gnd-content</subfield></datafield><datafield ind1=" " ind2="7" tag="655"><subfield code="a">Aufsatzsammlung</subfield><subfield code="2">gnd-content</subfield></datafield><datafield ind1=" " ind2="7" tag="655"><subfield code="a">Catalogues d'exposition</subfield><subfield code="0">(IDREF)027320456</subfield><subfield code="2">idref</subfield></datafield><datafield ind1="1" ind2=" " tag="700"><subfield code="a">Roland, Xavier</subfield><subfield code="0">(IDREF)174602804</subfield><subfield code="4">aut</subfield></datafield><datafield ind1="1" ind2=" " tag="700"><subfield code="a">De Chirico, Giorgio</subfield><subfield code="d">1888-1978</subfield><subfield code="0">(DE-588)118524208</subfield><subfield code="e">Illustrator</subfield><subfield code="4">ill</subfield></datafield><datafield ind1="1" ind2=" " tag="700"><subfield code="a">Neve, Laura</subfield><subfield code="d">1984-</subfield><subfield code="0">(DE-588)1028583958</subfield><subfield code="e">Herausgeber</subfield><subfield code="4">edt</subfield><subfield code="6">880-03</subfield></datafield><datafield ind1="1" ind2=" " tag="880"><subfield code="6">700-03</subfield><subfield code="a">Neve, Laura</subfield><subfield code="d">1984-</subfield><subfield code="0">(IDREF)153325127</subfield><subfield code="4">edt</subfield></datafield><datafield ind1="2" ind2=" " tag="710"><subfield code="a">Musée des beaux-arts</subfield><subfield code="g">Mons, Belgique</subfield><subfield code="0">(IDREF)030721121</subfield></datafield><datafield ind1="2" ind2=" " tag="710"><subfield code="a">Musée des Beaux-Arts</subfield><subfield code="g">Mons, Hennegau</subfield><subfield code="0">(DE-588)3008608-5</subfield><subfield code="e">Gastgebende Institution</subfield><subfield code="4">his</subfield></datafield><datafield ind1=" " ind2=" " tag="900"><subfield code="a">REROnoselfmerge</subfield></datafield><datafield ind1=" " ind2=" " tag="993"><subfield code="a">BFLB 35594</subfield><subfield code="x">ge/ulha/a/19/0524</subfield><subfield code="9">LOCAL</subfield></datafield></record>
</metadata></record>