<record><header><identifier>oai:alma.41SLSP_UGE:991000801509705502</identifier><datestamp>2023-04-14T00:13:38Z</datestamp><setSpec>uge_bcen_RapidILL_BOOK</setSpec><setSpec>uge_aaca_RapidILL_BOOK</setSpec><setSpec>uge_abels_RapidILL_BOOK</setSpec><setSpec>uge_dbu_RapidILL_BOOK</setSpec><setSpec>uge_cmu_RapidILL_BOOK</setSpec><setSpec>uge_mail_RapidILL_BOOK</setSpec><setSpec>uge_abbat_RapidILL_BOOK</setSpec><setSpec>UNIGE_ALL</setSpec><setSpec>uge_acar_RapidILL_BOOK</setSpec><setSpec>uge_aobs_RapidILL_BOOK</setSpec></header><metadata>
<record xmlns="http://www.loc.gov/MARC21/slim" xmlns:xsi="http://www.w3.org/2001/XMLSchema-instance" xsi:schemaLocation="http://www.loc.gov/MARC21/slim http://www.loc.gov/standards/marcxml/schema/MARC21slim.xsd"><leader>03263nam a2200505 c 4500</leader><controlfield tag="001">991000801509705502</controlfield><controlfield tag="005">20230413165432.0</controlfield><controlfield tag="008">201011s2017    fr af  g b||| 001 m fre|d</controlfield><datafield ind1=" " ind2=" " tag="020"><subfield code="a">2072696755</subfield><subfield code="q">br</subfield></datafield><datafield ind1=" " ind2=" " tag="020"><subfield code="a">9782072696756</subfield><subfield code="q">br</subfield></datafield><datafield ind1=" " ind2=" " tag="035"><subfield code="a">(swissbib)223085782-41slsp_network</subfield></datafield><datafield ind1=" " ind2=" " tag="035"><subfield code="a">223085782</subfield><subfield code="9">ExL</subfield></datafield><datafield ind1=" " ind2=" " tag="035"><subfield code="a">(IDSBB)006790289DSV01</subfield></datafield><datafield ind1=" " ind2=" " tag="035"><subfield code="a">(RERO)R008625093-41slsp</subfield></datafield><datafield ind1=" " ind2=" " tag="035"><subfield code="a">(OCoLC)974796836</subfield></datafield><datafield ind1=" " ind2=" " tag="035"><subfield code="a">(EXLNZ-41SLSP_NETWORK)991021968539705501</subfield></datafield><datafield ind1=" " ind2=" " tag="040"><subfield code="a">ZWZ</subfield><subfield code="b">ger</subfield><subfield code="e">rda</subfield><subfield code="d">CH-ZuSLS</subfield></datafield><datafield ind1=" " ind2="7" tag="072"><subfield code="a">ba</subfield><subfield code="2">rero</subfield></datafield><datafield ind1=" " ind2="7" tag="072"><subfield code="a">ar</subfield><subfield code="2">rero</subfield></datafield><datafield ind1="1" ind2=" " tag="080"><subfield code="a">903:7.04</subfield></datafield><datafield ind1="0" ind2="4" tag="082"><subfield code="a">709.01</subfield></datafield><datafield ind1="1" ind2=" " tag="100"><subfield code="a">Demoule, Jean-Paul</subfield><subfield code="d">1947-</subfield><subfield code="0">(DE-588)13598310X</subfield><subfield code="e">Verfasser</subfield><subfield code="4">aut</subfield><subfield code="6">880-01</subfield></datafield><datafield ind1="1" ind2=" " tag="880"><subfield code="6">100-01</subfield><subfield code="a">Demoule, Jean-Paul</subfield><subfield code="d">1947-....</subfield><subfield code="0">(IDREF)028740556</subfield><subfield code="4">cre</subfield></datafield><datafield ind1="1" ind2="0" tag="245"><subfield code="a">Naissance de la figure</subfield><subfield code="b">l'art du Paléolithique à l'âge du fer</subfield><subfield code="c">Jean-Paul Demoule</subfield></datafield><datafield ind1=" " ind2=" " tag="250"><subfield code="a">Edition revue</subfield></datafield><datafield ind1=" " ind2="1" tag="264"><subfield code="a">[Paris]</subfield><subfield code="b">Gallimard</subfield><subfield code="c">2017</subfield></datafield><datafield ind1=" " ind2=" " tag="300"><subfield code="a">308 p.</subfield><subfield code="b">ill. en noir et en coul.</subfield><subfield code="c">18 cm</subfield></datafield><datafield ind1=" " ind2=" " tag="336"><subfield code="b">txt</subfield><subfield code="2">rdacontent</subfield></datafield><datafield ind1=" " ind2=" " tag="337"><subfield code="b">n</subfield><subfield code="2">rdamedia</subfield></datafield><datafield ind1=" " ind2=" " tag="338"><subfield code="b">nc</subfield><subfield code="2">rdacarrier</subfield></datafield><datafield ind1="1" ind2=" " tag="490"><subfield code="a">Folio. Histoire</subfield><subfield code="v">261</subfield></datafield><datafield ind1=" " ind2=" " tag="500"><subfield code="a">Première édition : Hazan, 2007</subfield></datafield><datafield ind1=" " ind2=" " tag="500"><subfield code="a">La première éd. de cet ouvrage a paru aux éd. Hazan en 2007</subfield></datafield><datafield ind1=" " ind2=" " tag="504"><subfield code="a">Bibliogr.: p. [267]-284. Index</subfield></datafield><datafield ind1=" " ind2=" " tag="520"><subfield code="a">4ème de couv. : &quot;L'homme s'est représenté lui-même à partir du moment où il est apparu sous sa forme moderne - celle d'Homo sapiens sapiens - même si l'on discute aussi sur la possibilité et l'interprétation d'éventuelles figurations plus anciennes. Et, pour l'essentiel, l'homme a d'abord représenté la femme. Mais ces images sont longtemps restées minoritaires : ce sont surtout les animaux qui ont été figurés, dans une grande variété de formes et de styles, comme si la représentation humaine devait rester exceptionnelle, ou périphérique. Puis la révolution néolithique, qui voit l'agriculture et l'élevage remplacer la chasse et la pêche, s'accompagne d'une révolution des images au sein de laquelle la figure humaine se libère en Orient des canons inexpressifs et codés du Paléolithique à travers des figurines d'argile cuite, mais aussi de pierre et de chaux. Ces premières figurations humaines, étudiées par Jean-Paul Demoule, apparaissent dans un espace cohérent et homogène, celui du Proche-Orient, de la Méditerranée et de l'Europe, qui évoluent de conserve tout au long de ces trente millénaires. C'est l'histoire globale de la figure que raconte cet ouvrage : il retrace la naissance et l'évolution de la figure humaine aux périodes préhistoriques et protohistoriques, jusqu'à l'apparition de l'esthétique propre aux organisations étatiques.&quot;</subfield></datafield><datafield ind1=" " ind2="7" tag="650"><subfield code="a">Art préhistorique</subfield><subfield code="2">ram</subfield></datafield><datafield ind1=" " ind2="7" tag="650"><subfield code="a">Personnages</subfield><subfield code="x">Dans l'art</subfield><subfield code="2">ram</subfield></datafield><datafield ind1=" " ind2="7" tag="650"><subfield code="a">Antiquités préhistoriques</subfield><subfield code="2">ram</subfield></datafield><datafield ind1=" " ind2="7" tag="650"><subfield code="a">Art préhistorique</subfield><subfield code="0">(IDREF)027386376</subfield><subfield code="2">idref</subfield></datafield><datafield ind1=" " ind2="7" tag="650"><subfield code="a">Sculpture de figures humaines</subfield><subfield code="0">(IDREF)03282064X</subfield><subfield code="2">idref</subfield></datafield><datafield ind1=" " ind2="7" tag="650"><subfield code="a">Peinture de figures humaines</subfield><subfield code="0">(IDREF)028208706</subfield><subfield code="2">idref</subfield></datafield><datafield ind1=" " ind2="7" tag="650"><subfield code="a">Paléolithique</subfield><subfield code="0">(IDREF)027519694</subfield><subfield code="2">idref</subfield></datafield><datafield ind1=" " ind2="7" tag="650"><subfield code="a">Âge du fer</subfield><subfield code="0">(IDREF)027417212</subfield><subfield code="2">idref</subfield></datafield><datafield ind1=" " ind2=" " tag="830"><subfield code="a">Folio</subfield><subfield code="p">Gallimard</subfield><subfield code="p">Histoire</subfield><subfield code="v">261</subfield><subfield code="w">(RERO)1412520-41slsp</subfield></datafield><datafield ind1=" " ind2=" " tag="830"><subfield code="a">Collection Folio</subfield><subfield code="p">Histoire</subfield><subfield code="v">261</subfield><subfield code="w">(IDSBB)004720029DSV01</subfield></datafield><datafield ind1=" " ind2=" " tag="900"><subfield code="a">REROnoselfmerge</subfield></datafield></record>
</metadata></record>