<record><header><identifier>oai:alma.41SLSP_UGE:991000802029705502</identifier><datestamp>2023-07-01T00:24:40Z</datestamp><setSpec>uge_bcen_RapidILL_BOOK</setSpec><setSpec>uge_aaca_RapidILL_BOOK</setSpec><setSpec>uge_abels_RapidILL_BOOK</setSpec><setSpec>uge_dbu_RapidILL_BOOK</setSpec><setSpec>uge_cmu_RapidILL_BOOK</setSpec><setSpec>uge_mail_RapidILL_BOOK</setSpec><setSpec>uge_abbat_RapidILL_BOOK</setSpec><setSpec>UNIGE_ALL</setSpec><setSpec>uge_acar_RapidILL_BOOK</setSpec><setSpec>uge_aobs_RapidILL_BOOK</setSpec></header><metadata>
<record xmlns="http://www.loc.gov/MARC21/slim" xmlns:xsi="http://www.w3.org/2001/XMLSchema-instance" xsi:schemaLocation="http://www.loc.gov/MARC21/slim http://www.loc.gov/standards/marcxml/schema/MARC21slim.xsd"><leader>02202nam a2200505 c 4500</leader><controlfield tag="001">991000802029705502</controlfield><controlfield tag="005">20230630130141.0</controlfield><controlfield tag="008">201011s2003    fr ||||| |||| 00| ||fre d</controlfield><datafield ind1=" " ind2=" " tag="020"><subfield code="a">2866423526</subfield></datafield><datafield ind1=" " ind2=" " tag="035"><subfield code="a">(swissbib)214588688-41slsp_network</subfield></datafield><datafield ind1=" " ind2=" " tag="035"><subfield code="a">214588688</subfield><subfield code="9">ExL</subfield></datafield><datafield ind1=" " ind2=" " tag="035"><subfield code="a">(RERO)R003371894-41slsp</subfield></datafield><datafield ind1=" " ind2=" " tag="035"><subfield code="a">(IDSSG)000286172HSB01</subfield></datafield><datafield ind1=" " ind2=" " tag="035"><subfield code="a">(NEBIS)004547932EBI01</subfield></datafield><datafield ind1=" " ind2=" " tag="035"><subfield code="a">(EXLNZ-41SLSP_NETWORK)991136412689705501</subfield></datafield><datafield ind1=" " ind2=" " tag="040"><subfield code="a">RERO labcud</subfield><subfield code="d">CH-ZuSLS</subfield></datafield><datafield ind1=" " ind2="7" tag="072"><subfield code="a">ba</subfield><subfield code="2">rero</subfield></datafield><datafield ind1="1" ind2=" " tag="080"><subfield code="a">791.44.071BRES</subfield></datafield><datafield ind1="0" ind2="0" tag="082"><subfield code="a">791.43/0233/092</subfield><subfield code="2">20</subfield></datafield><datafield ind1="1" ind2="4" tag="082"><subfield code="a">791.4309</subfield><subfield code="2">21</subfield></datafield><datafield ind1="1" ind2=" " tag="100"><subfield code="a">Arnaud, Philippe</subfield><subfield code="d">1951-1996</subfield><subfield code="0">(IDREF)026691116</subfield><subfield code="4">cre</subfield></datafield><datafield ind1="1" ind2="0" tag="245"><subfield code="a">Robert Bresson</subfield><subfield code="c">Philippe Arnaud ; [réalisé sous la dir. d'Alain Bergala]</subfield></datafield><datafield ind1=" " ind2="1" tag="264"><subfield code="a">[Paris]</subfield><subfield code="b">Cahiers du cinéma</subfield><subfield code="c">2003</subfield></datafield><datafield ind1=" " ind2=" " tag="300"><subfield code="a">222 p.</subfield><subfield code="c">17 cm</subfield></datafield><datafield ind1=" " ind2=" " tag="336"><subfield code="b">txt</subfield><subfield code="2">rdacontent</subfield></datafield><datafield ind1=" " ind2=" " tag="337"><subfield code="b">n</subfield><subfield code="2">rdamedia</subfield></datafield><datafield ind1=" " ind2=" " tag="338"><subfield code="b">nc</subfield><subfield code="2">rdacarrier</subfield></datafield><datafield ind1="1" ind2=" " tag="490"><subfield code="a">Petite bibliothèque des Cahiers du cinéma</subfield><subfield code="v">75</subfield></datafield><datafield ind1=" " ind2=" " tag="500"><subfield code="a">Filmogr.: p. 183-220</subfield></datafield><datafield ind1=" " ind2=" " tag="504"><subfield code="a">Bibliogr.: p. 221-222</subfield></datafield><datafield ind1="1" ind2="7" tag="600"><subfield code="a">Bresson, Robert</subfield><subfield code="d">1901-1999</subfield><subfield code="0">(IDREF)027361152</subfield><subfield code="2">idref</subfield></datafield><datafield ind1="1" ind2="7" tag="600"><subfield code="a">Bresson, Robert</subfield><subfield code="d">1901-1999</subfield><subfield code="0">(DE-588)118515160</subfield><subfield code="2">gnd</subfield></datafield><datafield ind1="1" ind2="7" tag="600"><subfield code="a">Bresson, Robert</subfield><subfield code="2">idszbz</subfield></datafield><datafield ind1="1" ind2="0" tag="600"><subfield code="a">Bresson, Robert</subfield><subfield code="x">Criticism and interpretation</subfield></datafield><datafield ind1=" " ind2="7" tag="650"><subfield code="a">Film</subfield><subfield code="0">(DE-588)4017102-4</subfield><subfield code="2">gnd</subfield></datafield><datafield ind1=" " ind2="7" tag="650"><subfield code="a">Film</subfield><subfield code="2">idszbz</subfield></datafield><datafield ind1=" " ind2="7" tag="655"><subfield code="a">Werkverzeichnis</subfield><subfield code="2">gnd-content</subfield></datafield><datafield ind1=" " ind2=" " tag="690"><subfield code="a">Bresson; Kontingenz; Realität; Graph; Laptop; Bibliographie; Pakt; Alain; Attribut; Automatismus; Bibliothek; Cinema; Film; Filmographie; Genesis; Interview; Prozess; Kinematik</subfield><subfield code="2">idssg-J</subfield></datafield><datafield ind1=" " ind2=" " tag="690"><subfield code="a">Kinematograph; Methodenpunkt</subfield><subfield code="2">idssg-J</subfield></datafield><datafield ind1=" " ind2=" " tag="690"><subfield code="a">böses Attribut; kleine Bibliothek</subfield><subfield code="2">idssg-J</subfield></datafield><datafield ind1=" " ind2=" " tag="690"><subfield code="a">Alain Bergala; Cinema Notebooks Robert Bresson Vorwort; Emmanuel Machuel; Humbert Balsan; Jean François Naudon; Philippe Arnaud Robert Bresson Kleine Bibliothek</subfield><subfield code="2">idssg-J</subfield></datafield><datafield ind1="1" ind2=" " tag="700"><subfield code="a">Bergala, Alain</subfield><subfield code="d">1943-....</subfield><subfield code="0">(IDREF)026720159</subfield></datafield><datafield ind1="4" ind2=" " tag="856"><subfield code="u">https://tools.unisg.ch/url/hm00098059</subfield><subfield code="z">Inhaltsverzeichnis</subfield></datafield><datafield ind1=" " ind2="0" tag="830"><subfield code="a">Petite bibliothèque des Cahiers du cinema</subfield><subfield code="v">75</subfield><subfield code="w">(NEBIS)001871258EBI01</subfield></datafield><datafield ind1=" " ind2=" " tag="900"><subfield code="a">IDSZ2zbzmon200310e</subfield><subfield code="c">IDSZ2sjö</subfield><subfield code="d">IDSZ2zbzswk200311b</subfield><subfield code="e">IDSZ2genh</subfield></datafield><datafield ind1=" " ind2=" " tag="949"><subfield code="a">https://tools.unisg.ch/url/hm00098059</subfield></datafield></record>
</metadata></record>