<record><header><identifier>oai:alma.41SLSP_UGE:991000802059705502</identifier><datestamp>2024-05-09T00:07:29Z</datestamp><setSpec>uge_bcen_RapidILL_BOOK</setSpec><setSpec>uge_aaca_RapidILL_BOOK</setSpec><setSpec>uge_abels_RapidILL_BOOK</setSpec><setSpec>uge_dbu_RapidILL_BOOK</setSpec><setSpec>uge_cmu_RapidILL_BOOK</setSpec><setSpec>uge_mail_RapidILL_BOOK</setSpec><setSpec>uge_abbat_RapidILL_BOOK</setSpec><setSpec>UNIGE_ALL</setSpec><setSpec>uge_acar_RapidILL_BOOK</setSpec><setSpec>uge_aobs_RapidILL_BOOK</setSpec></header><metadata>
<record xmlns="http://www.loc.gov/MARC21/slim" xmlns:xsi="http://www.w3.org/2001/XMLSchema-instance" xsi:schemaLocation="http://www.loc.gov/MARC21/slim http://www.loc.gov/standards/marcxml/schema/MARC21slim.xsd"><leader>01871nam a22004452c 4500</leader><controlfield tag="001">991000802059705502</controlfield><controlfield tag="005">20240508101155.0</controlfield><controlfield tag="008">201011t19801980xxu           10| | eng d</controlfield><datafield ind1=" " ind2=" " tag="020"><subfield code="a">0306405768</subfield></datafield><datafield ind1=" " ind2=" " tag="035"><subfield code="a">(swissbib)226410390-41slsp_network</subfield></datafield><datafield ind1=" " ind2=" " tag="035"><subfield code="a">226410390</subfield><subfield code="9">ExL</subfield></datafield><datafield ind1=" " ind2=" " tag="035"><subfield code="a">(IDSBB)001461979DSV01</subfield></datafield><datafield ind1=" " ind2=" " tag="035"><subfield code="a">(NEBIS)000213951EBI01</subfield></datafield><datafield ind1=" " ind2=" " tag="035"><subfield code="a">(RERO)0475638-41slsp</subfield></datafield><datafield ind1=" " ind2=" " tag="035"><subfield code="a">(EXLNZ-41SLSP_NETWORK)991005383739705501</subfield></datafield><datafield ind1=" " ind2=" " tag="040"><subfield code="a">SzZuIDS BS/BE A110</subfield><subfield code="b">ger</subfield><subfield code="e">kids</subfield><subfield code="d">CH-ZuSLS</subfield></datafield><datafield ind1=" " ind2=" " tag="044"><subfield code="a">xxu</subfield><subfield code="a">xxk</subfield></datafield><datafield ind1=" " ind2="7" tag="072"><subfield code="a">ps</subfield><subfield code="2">SzZuIDS BS/BE</subfield></datafield><datafield ind1=" " ind2="7" tag="072"><subfield code="a">me</subfield><subfield code="2">rero</subfield></datafield><datafield ind1="1" ind2="4" tag="082"><subfield code="a">150</subfield><subfield code="2">15</subfield></datafield><datafield ind1=" " ind2=" " tag="084"><subfield code="a">CP 2500</subfield><subfield code="2">rvk</subfield></datafield><datafield ind1=" " ind2=" " tag="084"><subfield code="a">CP 6500</subfield><subfield code="2">rvk</subfield></datafield><datafield ind1=" " ind2=" " tag="084"><subfield code="a">ER 985</subfield><subfield code="2">rvk</subfield></datafield><datafield ind1="0" ind2="0" tag="245"><subfield code="a">Processing of visible language</subfield><subfield code="b">papers presented at a conference held at Niagara-on-the-Lake, Ontario, Sept. 3-7, 1979</subfield><subfield code="c">ed. by Paul A. Kolers ... [et al.]</subfield></datafield><datafield ind1=" " ind2="1" tag="264"><subfield code="a">New York [etc.]</subfield><subfield code="b">Plenum Press</subfield><subfield code="c">[1980]</subfield></datafield><datafield ind1=" " ind2="4" tag="264"><subfield code="c">© 1980</subfield></datafield><datafield ind1=" " ind2=" " tag="300"><subfield code="a">XVII, 616 S.</subfield><subfield code="b">Ill.</subfield><subfield code="c">26 cm</subfield></datafield><datafield ind1=" " ind2=" " tag="336"><subfield code="b">txt</subfield><subfield code="2">rdacontent</subfield></datafield><datafield ind1=" " ind2=" " tag="337"><subfield code="b">n</subfield><subfield code="2">rdamedia</subfield></datafield><datafield ind1=" " ind2=" " tag="338"><subfield code="b">nc</subfield><subfield code="2">rdacarrier</subfield></datafield><datafield ind1="1" ind2=" " tag="490"><subfield code="a">Processing of visible language</subfield><subfield code="v">vol. 2</subfield></datafield><datafield ind1="1" ind2=" " tag="490"><subfield code="a">Nato conference series. 3, Human factors</subfield><subfield code="v">vol. 13</subfield></datafield><datafield ind1=" " ind2=" " tag="500"><subfield code="a">Rev. papers presented at the second Conference on Processing of Visible Language, held at Niagara-on-the-Lake, Ontario, Sept. 3-7, 1979</subfield></datafield><datafield ind1=" " ind2="7" tag="650"><subfield code="a">AUTOMATISCHE SPRACHERKENNUNG (AKUSTIK)</subfield><subfield code="9">ger</subfield><subfield code="0">(ETHUDK)000014758</subfield><subfield code="2">ethudk</subfield></datafield><datafield ind1=" " ind2="7" tag="650"><subfield code="a">MATHEMATISCHE KYBERNETIK</subfield><subfield code="9">ger</subfield><subfield code="0">(ETHUDK)000013766</subfield><subfield code="2">ethudk</subfield></datafield><datafield ind1=" " ind2="7" tag="655"><subfield code="a">Konferenzschrift</subfield><subfield code="z">Niagara-on-the-Lake (Ont.)</subfield><subfield code="y">1979</subfield><subfield code="2">gnd-content</subfield></datafield><datafield ind1="1" ind2=" " tag="700"><subfield code="a">Kolers, Paul A</subfield><subfield code="d">1926-...</subfield><subfield code="0">(IDREF)087734656</subfield></datafield><datafield ind1="2" ind2=" " tag="711"><subfield code="a">Conference on Processing of Visible Language</subfield><subfield code="n">2</subfield><subfield code="d">1979</subfield><subfield code="c">Niagara-on-the-Lake Ontario</subfield><subfield code="0">(RERO)A012399496</subfield></datafield><datafield ind1=" " ind2=" " tag="830"><subfield code="a">Nato Conference series</subfield><subfield code="p">3, Human factors</subfield><subfield code="v">13</subfield><subfield code="w">(NEBIS)000001682EBI01</subfield></datafield><datafield ind1=" " ind2=" " tag="830"><subfield code="a">Processing of visible language</subfield><subfield code="v">2</subfield><subfield code="w">(RERO)1936897-41slsp</subfield></datafield><datafield ind1=" " ind2=" " tag="900"><subfield code="a">REROnoselfmerge</subfield></datafield></record>
</metadata></record>