<record><header><identifier>oai:alma.41SLSP_UGE:991000801329705502</identifier><datestamp>2023-03-01T01:09:43Z</datestamp><setSpec>uge_bcen_RapidILL_BOOK</setSpec><setSpec>uge_aaca_RapidILL_BOOK</setSpec><setSpec>uge_abels_RapidILL_BOOK</setSpec><setSpec>uge_dbu_RapidILL_BOOK</setSpec><setSpec>uge_cmu_RapidILL_BOOK</setSpec><setSpec>uge_mail_RapidILL_BOOK</setSpec><setSpec>UNIGE_ALL</setSpec><setSpec>uge_abbat_RapidILL_BOOK</setSpec><setSpec>uge_aobs_RapidILL_BOOK</setSpec><setSpec>uge_acar_RapidILL_BOOK</setSpec></header><metadata>
<record xmlns="http://www.loc.gov/MARC21/slim" xmlns:xsi="http://www.w3.org/2001/XMLSchema-instance" xsi:schemaLocation="http://www.loc.gov/MARC21/slim http://www.loc.gov/standards/marcxml/schema/MARC21slim.xsd"><leader>01113naa a22002652c 4500</leader><controlfield tag="001">991000801329705502</controlfield><controlfield tag="005">20201227133638.0</controlfield><controlfield tag="008">000927s1938    gw ||||| |||| 00| ||fre d</controlfield><datafield ind1=" " ind2=" " tag="035"><subfield code="a">(swissbib)093952775-41slsp_network</subfield></datafield><datafield ind1=" " ind2=" " tag="035"><subfield code="a">093952775</subfield><subfield code="9">ExL</subfield></datafield><datafield ind1=" " ind2=" " tag="035"><subfield code="a">(RERO)R241100960-41slsp</subfield></datafield><datafield ind1=" " ind2=" " tag="035"><subfield code="a">(EXLNZ-41SLSP_NETWORK)991087495999705501</subfield></datafield><datafield ind1=" " ind2=" " tag="040"><subfield code="a">RERO frbcuc</subfield><subfield code="d">CH-ZuSLS</subfield></datafield><datafield ind1=" " ind2="7" tag="072"><subfield code="a">th</subfield><subfield code="2">rero</subfield></datafield><datafield ind1="0" ind2="0" tag="245"><subfield code="a">&lt;&lt;Le&gt;&gt; catéchisme de l'Eglise de Genève (1542)</subfield><subfield code="b">Les ordonnances ecclésiastiques de l'Eglise de Genève 1561</subfield><subfield code="c">bearb. von Ernst Pfisterer</subfield></datafield><datafield ind1="1" ind2=" " tag="246"><subfield code="a">Ordonnances ecclésiastiques de l'Eglise de Genève 1561</subfield></datafield><datafield ind1=" " ind2=" " tag="336"><subfield code="b">txt</subfield><subfield code="2">rdacontent</subfield></datafield><datafield ind1=" " ind2=" " tag="337"><subfield code="b">n</subfield><subfield code="2">rdamedia</subfield></datafield><datafield ind1=" " ind2=" " tag="338"><subfield code="b">nc</subfield><subfield code="2">rdacarrier</subfield></datafield><datafield ind1=" " ind2=" " tag="580"><subfield code="a">In: Bekenntnisschriften und Kirchenordnungen der nach Gottes Wort reformierten Kirche. - München. - 1938, H. 1, 64 S.</subfield></datafield><datafield ind1="1" ind2=" " tag="700"><subfield code="a">Pfisterer, Ernst</subfield><subfield code="0">(IDREF)076631834</subfield></datafield><datafield ind1="1" ind2="2" tag="700"><subfield code="a">Calvin, Jean</subfield><subfield code="d">1509-1564</subfield><subfield code="t">Catéchisme</subfield></datafield><datafield ind1="1" ind2=" " tag="700"><subfield code="a">Calvin, Jean</subfield><subfield code="d">1509-1564</subfield></datafield><datafield ind1="2" ind2=" " tag="710"><subfield code="a">Eglise de Genève</subfield><subfield code="0">(RERO)A000056500</subfield></datafield><datafield ind1="0" ind2=" " tag="773"><subfield code="t">Bekenntnisschriften und Kirchenordnungen der nach Gottes Wort reformierten Kirche</subfield><subfield code="g">1</subfield></datafield><datafield ind1=" " ind2=" " tag="900"><subfield code="a">REROnoselfmerge</subfield></datafield><datafield ind1=" " ind2=" " tag="993"><subfield code="a">MHR A 26,1(937)</subfield><subfield code="x">ge/mhr-/3091</subfield><subfield code="9">LOCAL</subfield></datafield></record>
</metadata></record>