<record><header><identifier>oai:alma.41SLSP_UGE:991000801649705502</identifier><datestamp>2024-05-03T02:47:57Z</datestamp><setSpec>uge_bcen_RapidILL_BOOK</setSpec><setSpec>uge_aaca_RapidILL_BOOK</setSpec><setSpec>uge_abels_RapidILL_BOOK</setSpec><setSpec>uge_dbu_RapidILL_BOOK</setSpec><setSpec>uge_cmu_RapidILL_BOOK</setSpec><setSpec>uge_mail_RapidILL_BOOK</setSpec><setSpec>uge_abbat_RapidILL_BOOK</setSpec><setSpec>UNIGE_ALL</setSpec><setSpec>uge_aobs_RapidILL_BOOK</setSpec><setSpec>uge_acar_RapidILL_BOOK</setSpec></header><metadata>
<record xmlns="http://www.loc.gov/MARC21/slim" xmlns:xsi="http://www.w3.org/2001/XMLSchema-instance" xsi:schemaLocation="http://www.loc.gov/MARC21/slim http://www.loc.gov/standards/marcxml/schema/MARC21slim.xsd"><leader>02250nam a2200505 c 4500</leader><controlfield tag="001">991000801649705502</controlfield><controlfield tag="005">20230327195732.0</controlfield><controlfield tag="008">201011s2000    sz ||||| m||| 00| ||eng d</controlfield><datafield ind1=" " ind2=" " tag="019"><subfield code="a">Catalogué d'après la couv. Décrit l'ex. commercial ; l'ex. commercial avec mention de thèse</subfield><subfield code="5">RERO/vsbcvs/10.00</subfield></datafield><datafield ind1=" " ind2=" " tag="020"><subfield code="a">2940153205</subfield></datafield><datafield ind1=" " ind2=" " tag="035"><subfield code="a">(swissbib)229192149-41slsp_network</subfield></datafield><datafield ind1=" " ind2=" " tag="035"><subfield code="a">229192149</subfield><subfield code="9">ExL</subfield></datafield><datafield ind1=" " ind2=" " tag="035"><subfield code="a">(RERO)R276436460-41slsp</subfield></datafield><datafield ind1=" " ind2=" " tag="035"><subfield code="a">(NEBIS)004226492EBI01</subfield></datafield><datafield ind1=" " ind2=" " tag="035"><subfield code="a">(IDSBB)003211247DSV01</subfield></datafield><datafield ind1=" " ind2=" " tag="035"><subfield code="a">(ALEX)bv000822356</subfield></datafield><datafield ind1=" " ind2=" " tag="035"><subfield code="a">(EXLNZ-41SLSP_NETWORK)991140133069705501</subfield></datafield><datafield ind1=" " ind2=" " tag="040"><subfield code="a">RERO geusst</subfield><subfield code="d">CH-ZuSLS</subfield></datafield><datafield ind1=" " ind2=" " tag="044"><subfield code="a">sz</subfield><subfield code="c">ch-ge</subfield></datafield><datafield ind1=" " ind2="7" tag="072"><subfield code="a">st</subfield><subfield code="2">rero</subfield></datafield><datafield ind1=" " ind2="7" tag="072"><subfield code="a">ge</subfield><subfield code="2">SzZuIDS BS/BE</subfield></datafield><datafield ind1="1" ind2=" " tag="100"><subfield code="a">Frischknecht, Corine</subfield><subfield code="0">(RERO)A003265805</subfield><subfield code="4">cre</subfield></datafield><datafield ind1="1" ind2="0" tag="245"><subfield code="a">Seismic soil amplification in alpine valleys</subfield><subfield code="b">a case study : the Rhône valley, Valais, Switzerland</subfield><subfield code="c">Corine Frischknecht</subfield></datafield><datafield ind1=" " ind2="1" tag="264"><subfield code="a">Genève</subfield><subfield code="b">Section des sciences de la terre - Université de Genève</subfield><subfield code="c">2000</subfield></datafield><datafield ind1=" " ind2=" " tag="300"><subfield code="a">XXV, 144, C11 p.</subfield><subfield code="b">ill.</subfield><subfield code="c">30 cm</subfield></datafield><datafield ind1=" " ind2=" " tag="336"><subfield code="b">txt</subfield><subfield code="2">rdacontent</subfield></datafield><datafield ind1=" " ind2=" " tag="337"><subfield code="b">n</subfield><subfield code="2">rdamedia</subfield></datafield><datafield ind1=" " ind2=" " tag="338"><subfield code="b">nc</subfield><subfield code="2">rdacarrier</subfield></datafield><datafield ind1="1" ind2=" " tag="490"><subfield code="a">Terre et environnement</subfield><subfield code="v">vol. 21</subfield></datafield><datafield ind1=" " ind2=" " tag="502"><subfield code="a">Th. sc. terre Genève, 2000 ; Sc. 3154</subfield></datafield><datafield ind1=" " ind2=" " tag="502"><subfield code="a">Thèse Univ. de Genève, No. 3154, 2000</subfield></datafield><datafield ind1=" " ind2=" " tag="504"><subfield code="a">Bibliogr. : p. 137-144</subfield></datafield><datafield ind1=" " ind2=" " tag="508"><subfield code="a">Directeur de thèse: Professeur Jean-Jacques Wagner</subfield></datafield><datafield ind1=" " ind2="7" tag="650"><subfield code="a">Séismes</subfield><subfield code="0">(IDREF)027247805</subfield><subfield code="2">idref</subfield></datafield><datafield ind1=" " ind2="7" tag="650"><subfield code="a">Tectonique</subfield><subfield code="0">(IDREF)027253597</subfield><subfield code="2">idref</subfield></datafield><datafield ind1=" " ind2="7" tag="650"><subfield code="a">INDUCED SEISMICITY (GEOPHYSICS)</subfield><subfield code="9">eng</subfield><subfield code="0">(ETHUDK)000053787</subfield><subfield code="2">ethudk</subfield></datafield><datafield ind1=" " ind2="7" tag="650"><subfield code="a">RHONE VALLEY IN THE CANTON OF VALAIS</subfield><subfield code="9">eng</subfield><subfield code="0">(ETHUDK)000005879</subfield><subfield code="2">ethudk</subfield></datafield><datafield ind1=" " ind2="7" tag="650"><subfield code="a">SEISMIC ANOMALIES (GEOPHYSICS)</subfield><subfield code="9">eng</subfield><subfield code="0">(ETHUDK)000019874</subfield><subfield code="2">ethudk</subfield></datafield><datafield ind1=" " ind2="7" tag="650"><subfield code="a">SEISMIC DISTURBANCES (GEOPHYSICS)</subfield><subfield code="9">eng</subfield><subfield code="0">(ETHUDK)000019878</subfield><subfield code="2">ethudk</subfield></datafield><datafield ind1=" " ind2="7" tag="650"><subfield code="a">SEISMICITY (GEOPHYSICS)</subfield><subfield code="9">eng</subfield><subfield code="0">(ETHUDK)000019882</subfield><subfield code="2">ethudk</subfield></datafield><datafield ind1=" " ind2="7" tag="650"><subfield code="a">SOIL MECHANICS (CIVIL ENGINEERING)</subfield><subfield code="9">eng</subfield><subfield code="0">(ETHUDK)000029839</subfield><subfield code="2">ethudk</subfield></datafield><datafield ind1=" " ind2="7" tag="650"><subfield code="a">SOIL MECHANICS (PEDOLOGY)</subfield><subfield code="9">eng</subfield><subfield code="0">(ETHUDK)000030968</subfield><subfield code="2">ethudk</subfield></datafield><datafield ind1=" " ind2="7" tag="650"><subfield code="a">VALAIS ALPS (WESTERN ALPS)</subfield><subfield code="9">eng</subfield><subfield code="0">(ETHUDK)000000292</subfield><subfield code="2">ethudk</subfield></datafield><datafield ind1=" " ind2="7" tag="651"><subfield code="a">Rhône, Vallée du (Valais, Suisse)</subfield><subfield code="0">(IDREF)028236424</subfield><subfield code="2">idref</subfield></datafield><datafield ind1=" " ind2="7" tag="655"><subfield code="a">Hochschulschrift</subfield><subfield code="2">gnd-content</subfield></datafield><datafield ind1=" " ind2=" " tag="830"><subfield code="a">Terre &amp; environnement</subfield><subfield code="v">21</subfield><subfield code="w">(RERO)2116597-41slsp</subfield></datafield><datafield ind1=" " ind2=" " tag="900"><subfield code="a">REROnoselfmerge</subfield></datafield></record>
</metadata></record>