<record><header><identifier>oai:alma.41SLSP_UGE:991000801549705502</identifier><datestamp>2023-04-10T00:15:29Z</datestamp><setSpec>uge_bcen_RapidILL_BOOK</setSpec><setSpec>uge_aaca_RapidILL_BOOK</setSpec><setSpec>uge_abels_RapidILL_BOOK</setSpec><setSpec>uge_dbu_RapidILL_BOOK</setSpec><setSpec>uge_cmu_RapidILL_BOOK</setSpec><setSpec>uge_mail_RapidILL_BOOK</setSpec><setSpec>uge_abbat_RapidILL_BOOK</setSpec><setSpec>UNIGE_ALL</setSpec><setSpec>uge_acar_RapidILL_BOOK</setSpec><setSpec>uge_aobs_RapidILL_BOOK</setSpec></header><metadata>
<record xmlns="http://www.loc.gov/MARC21/slim" xmlns:xsi="http://www.w3.org/2001/XMLSchema-instance" xsi:schemaLocation="http://www.loc.gov/MARC21/slim http://www.loc.gov/standards/marcxml/schema/MARC21slim.xsd"><leader>01160nam a2200337 c 4500</leader><controlfield tag="001">991000801549705502</controlfield><controlfield tag="005">20230409173242.0</controlfield><controlfield tag="008">161205s2016    it ||||| |||| 01| ||ita d</controlfield><datafield ind1=" " ind2=" " tag="020"><subfield code="a">9788855533461</subfield></datafield><datafield ind1=" " ind2=" " tag="035"><subfield code="a">(swissbib)123457742-41slsp_network</subfield></datafield><datafield ind1=" " ind2=" " tag="035"><subfield code="a">123457742</subfield><subfield code="9">ExL</subfield></datafield><datafield ind1=" " ind2=" " tag="035"><subfield code="a">(RERO)R008558895-41slsp</subfield></datafield><datafield ind1=" " ind2=" " tag="035"><subfield code="a">(EXLNZ-41SLSP_NETWORK)991050516549705501</subfield></datafield><datafield ind1=" " ind2=" " tag="040"><subfield code="a">RERO geulhg</subfield><subfield code="d">CH-ZuSLS</subfield></datafield><datafield ind1=" " ind2="7" tag="072"><subfield code="a">hs</subfield><subfield code="2">rero</subfield></datafield><datafield ind1=" " ind2="7" tag="072"><subfield code="a">hm</subfield><subfield code="2">rero</subfield></datafield><datafield ind1="0" ind2="0" tag="245"><subfield code="a">&lt;&lt;Il&gt;&gt; faro dell'umanità</subfield><subfield code="b">Jacques Le Goff e la storia</subfield><subfield code="c">a cura di Beatrice Borghi</subfield></datafield><datafield ind1=" " ind2="1" tag="264"><subfield code="a">Bologna</subfield><subfield code="b">Pàtron editore</subfield><subfield code="c">2016</subfield></datafield><datafield ind1=" " ind2=" " tag="300"><subfield code="a">170 pagine</subfield></datafield><datafield ind1=" " ind2=" " tag="336"><subfield code="b">txt</subfield><subfield code="2">rdacontent</subfield></datafield><datafield ind1=" " ind2=" " tag="337"><subfield code="b">n</subfield><subfield code="2">rdamedia</subfield></datafield><datafield ind1=" " ind2=" " tag="338"><subfield code="b">nc</subfield><subfield code="2">rdacarrier</subfield></datafield><datafield ind1="1" ind2=" " tag="490"><subfield code="a">DiPaSt</subfield><subfield code="v">5</subfield></datafield><datafield ind1=" " ind2=" " tag="504"><subfield code="a">Bibliografia: pagine [163]-170</subfield></datafield><datafield ind1="1" ind2="7" tag="600"><subfield code="a">Le Goff, Jacques</subfield><subfield code="d">1924-2014</subfield><subfield code="0">(IDREF)026973065</subfield><subfield code="2">idref</subfield></datafield><datafield ind1=" " ind2="7" tag="650"><subfield code="a">Histoire médiévale</subfield><subfield code="0">(IDREF)027329925</subfield><subfield code="2">idref</subfield></datafield><datafield ind1=" " ind2="7" tag="650"><subfield code="a">Médiévistes</subfield><subfield code="0">(IDREF)027679446</subfield><subfield code="2">idref</subfield></datafield><datafield ind1=" " ind2="7" tag="655"><subfield code="a">Mélanges et hommages</subfield><subfield code="0">(IDREF)027414248</subfield><subfield code="2">idref</subfield></datafield><datafield ind1="1" ind2=" " tag="700"><subfield code="a">Le Goff, Jacques</subfield><subfield code="d">1924-2014</subfield><subfield code="0">(IDREF)026973065</subfield></datafield><datafield ind1="1" ind2=" " tag="700"><subfield code="a">Borghi, Beatrice</subfield><subfield code="0">(IDREF)120790467</subfield></datafield><datafield ind1=" " ind2="0" tag="830"><subfield code="a">DiPaSt</subfield><subfield code="v">5</subfield><subfield code="w">(RERO)R008588647-41slsp</subfield></datafield><datafield ind1=" " ind2=" " tag="900"><subfield code="a">REROnoselfmerge</subfield></datafield></record>
</metadata></record>