<record><header><identifier>oai:alma.41SLSP_UGE:991000802049705502</identifier><datestamp>2024-09-05T00:05:44Z</datestamp><setSpec>uge_bcen_RapidILL_BOOK</setSpec><setSpec>uge_aaca_RapidILL_BOOK</setSpec><setSpec>uge_abels_RapidILL_BOOK</setSpec><setSpec>uge_dbu_RapidILL_BOOK</setSpec><setSpec>uge_cmu_RapidILL_BOOK</setSpec><setSpec>uge_mail_RapidILL_BOOK</setSpec><setSpec>uge_abbat_RapidILL_BOOK</setSpec><setSpec>UNIGE_ALL</setSpec><setSpec>uge_aobs_RapidILL_BOOK</setSpec><setSpec>uge_acar_RapidILL_BOOK</setSpec></header><metadata>
<record xmlns="http://www.loc.gov/MARC21/slim" xmlns:xsi="http://www.w3.org/2001/XMLSchema-instance" xsi:schemaLocation="http://www.loc.gov/MARC21/slim http://www.loc.gov/standards/marcxml/schema/MARC21slim.xsd"><leader>01253nam a2200349 c 4500</leader><controlfield tag="001">991000802049705502</controlfield><controlfield tag="005">20240904112229.0</controlfield><controlfield tag="008">201011s1988    fr ||||| |||| 00| ||fre d</controlfield><datafield ind1=" " ind2=" " tag="020"><subfield code="a">2729601805</subfield></datafield><datafield ind1="7" ind2=" " tag="024"><subfield code="a">http://catalogue.bnf.fr/ark:/12148/cb366262010</subfield><subfield code="2">uri</subfield></datafield><datafield ind1=" " ind2=" " tag="035"><subfield code="a">(swissbib)213953439-41slsp_network</subfield></datafield><datafield ind1=" " ind2=" " tag="035"><subfield code="a">213953439</subfield><subfield code="9">ExL</subfield></datafield><datafield ind1=" " ind2=" " tag="035"><subfield code="a">(RERO)0974570-41slsp</subfield></datafield><datafield ind1=" " ind2=" " tag="035"><subfield code="a">(NEBIS)004013024EBI01</subfield></datafield><datafield ind1=" " ind2=" " tag="035"><subfield code="a">(EXLNZ-41SLSP_NETWORK)991110173699705501</subfield></datafield><datafield ind1=" " ind2=" " tag="040"><subfield code="a">RERO frbcuc</subfield><subfield code="d">CH-ZuSLS</subfield></datafield><datafield ind1="1" ind2=" " tag="041"><subfield code="a">fre</subfield><subfield code="h">eng</subfield></datafield><datafield ind1=" " ind2="7" tag="072"><subfield code="a">in</subfield><subfield code="2">rero</subfield></datafield><datafield ind1="1" ind2=" " tag="100"><subfield code="6">880-01</subfield><subfield code="a">Sommerville, Ian</subfield><subfield code="d">1951-....</subfield><subfield code="0">(IDREF)028940512</subfield><subfield code="4">cre</subfield></datafield><datafield ind1="1" ind2=" " tag="880"><subfield code="6">100-01</subfield><subfield code="a">Sommerville, Ian</subfield><subfield code="d">1951-</subfield><subfield code="0">(DE-588)131558765</subfield></datafield><datafield ind1="1" ind2="0" tag="245"><subfield code="a">&lt;&lt;Le&gt;&gt; génie logiciel et ses applications</subfield><subfield code="c">Ian Sommerville ; texte français de Bernard Dion</subfield></datafield><datafield ind1=" " ind2="1" tag="264"><subfield code="a">Paris</subfield><subfield code="b">InterEditions</subfield><subfield code="c">[1988]</subfield></datafield><datafield ind1=" " ind2="4" tag="264"><subfield code="c">© 1988</subfield></datafield><datafield ind1=" " ind2=" " tag="300"><subfield code="a">330 p.</subfield><subfield code="b">fig., tabl.</subfield><subfield code="c">23 cm</subfield></datafield><datafield ind1=" " ind2=" " tag="336"><subfield code="b">txt</subfield><subfield code="2">rdacontent</subfield></datafield><datafield ind1=" " ind2=" " tag="337"><subfield code="b">n</subfield><subfield code="2">rdamedia</subfield></datafield><datafield ind1=" " ind2=" " tag="338"><subfield code="b">nc</subfield><subfield code="2">rdacarrier</subfield></datafield><datafield ind1="1" ind2=" " tag="490"><subfield code="a">IIA : informatique, intelligence artificielle</subfield></datafield><datafield ind1=" " ind2=" " tag="500"><subfield code="a">La page de titre porte: Addison-Wesley Europe</subfield></datafield><datafield ind1=" " ind2=" " tag="500"><subfield code="a">Originaltitel: Software engineering</subfield></datafield><datafield ind1=" " ind2="7" tag="650"><subfield code="a">Génie logiciel</subfield><subfield code="0">(IDREF)027673529</subfield><subfield code="2">idref</subfield></datafield><datafield ind1=" " ind2=" " tag="830"><subfield code="a">Collection iia</subfield><subfield code="w">(RERO)0637215-41slsp</subfield></datafield><datafield ind1=" " ind2=" " tag="900"><subfield code="a">REROnoselfmerge</subfield></datafield></record>
</metadata></record>