<record><header><identifier>oai:alma.41SLSP_UGE:991000802159705502</identifier><datestamp>2024-10-05T00:11:35Z</datestamp><setSpec>uge_bcen_RapidILL_BOOK</setSpec><setSpec>uge_aaca_RapidILL_BOOK</setSpec><setSpec>uge_abels_RapidILL_BOOK</setSpec><setSpec>uge_dbu_RapidILL_BOOK</setSpec><setSpec>uge_cmu_RapidILL_BOOK</setSpec><setSpec>uge_mail_RapidILL_BOOK</setSpec><setSpec>uge_abbat_RapidILL_BOOK</setSpec><setSpec>UNIGE_ALL</setSpec><setSpec>uge_acar_RapidILL_BOOK</setSpec><setSpec>uge_aobs_RapidILL_BOOK</setSpec></header><metadata>
<record xmlns="http://www.loc.gov/MARC21/slim" xmlns:xsi="http://www.w3.org/2001/XMLSchema-instance" xsi:schemaLocation="http://www.loc.gov/MARC21/slim http://www.loc.gov/standards/marcxml/schema/MARC21slim.xsd"><leader>02222nam a2200589 c 4500</leader><controlfield tag="001">991000802159705502</controlfield><controlfield tag="005">20241004190635.0</controlfield><controlfield tag="008">201011s2003    xxk||||| |||| 10| ||eng d</controlfield><datafield ind1=" " ind2=" " tag="010"><subfield code="a">2002034528</subfield></datafield><datafield ind1=" " ind2=" " tag="015"><subfield code="a">GBA3-Y0186</subfield></datafield><datafield ind1=" " ind2=" " tag="020"><subfield code="a">0754632792</subfield><subfield code="q">alk. paper</subfield></datafield><datafield ind1="7" ind2=" " tag="024"><subfield code="a">http://catalogue.bnf.fr/ark:/12148/cb38993345d</subfield><subfield code="2">uri</subfield></datafield><datafield ind1=" " ind2=" " tag="035"><subfield code="a">(swissbib)225105063-41slsp_network</subfield></datafield><datafield ind1=" " ind2=" " tag="035"><subfield code="a">225105063</subfield><subfield code="9">ExL</subfield></datafield><datafield ind1=" " ind2=" " tag="035"><subfield code="a">(RERO)R003565713-41slsp</subfield></datafield><datafield ind1=" " ind2=" " tag="035"><subfield code="a">(IDSBB)003157522DSV01</subfield></datafield><datafield ind1=" " ind2=" " tag="035"><subfield code="a">(NEBIS)004549862EBI01</subfield></datafield><datafield ind1=" " ind2=" " tag="035"><subfield code="a">(DLC)--2002034528</subfield></datafield><datafield ind1=" " ind2=" " tag="035"><subfield code="a">(EXLNZ-41SLSP_NETWORK)991035753829705501</subfield></datafield><datafield ind1=" " ind2=" " tag="040"><subfield code="a">RERO frbcuc</subfield><subfield code="d">CH-ZuSLS</subfield></datafield><datafield ind1=" " ind2=" " tag="050"><subfield code="a">B171</subfield><subfield code="b">.P48 2003</subfield></datafield><datafield ind1=" " ind2="7" tag="072"><subfield code="a">ph</subfield><subfield code="2">rero</subfield></datafield><datafield ind1=" " ind2="7" tag="072"><subfield code="a">ph</subfield><subfield code="2">SzZuIDS BS/BE</subfield></datafield><datafield ind1="1" ind2=" " tag="080"><subfield code="a">1&quot;-03&quot;(09)</subfield></datafield><datafield ind1="0" ind2="0" tag="082"><subfield code="a">180</subfield><subfield code="2">21</subfield></datafield><datafield ind1=" " ind2=" " tag="084"><subfield code="a">CD 1610</subfield><subfield code="2">rvk</subfield></datafield><datafield ind1="1" ind2=" " tag="100"><subfield code="a">Sharples, Robert W.</subfield><subfield code="6">880-01</subfield></datafield><datafield ind1="1" ind2=" " tag="880"><subfield code="6">100-01</subfield><subfield code="a">Sharples, Robert W.</subfield><subfield code="0">(IDREF)028485750</subfield></datafield><datafield ind1="1" ind2=" " tag="880"><subfield code="a">Sharples, Robert W.</subfield><subfield code="d">1949-2010</subfield><subfield code="0">(DE-588)114269505</subfield><subfield code="6">100-01</subfield></datafield><datafield ind1="1" ind2="0" tag="245"><subfield code="a">Perspectives on Greek philosophy</subfield><subfield code="b">S.V. Keeling Memorial Lectures in Ancient Philosophy, 1992-2002</subfield><subfield code="c">ed. by R.W. Sharples</subfield></datafield><datafield ind1=" " ind2="1" tag="264"><subfield code="a">Aldershot [etc.]</subfield><subfield code="b">Ashgate</subfield><subfield code="c">[2003]</subfield></datafield><datafield ind1=" " ind2="4" tag="264"><subfield code="c">© 2003</subfield></datafield><datafield ind1=" " ind2=" " tag="300"><subfield code="a">VIII, 167 p.</subfield><subfield code="b">portr.</subfield><subfield code="c">24 cm</subfield></datafield><datafield ind1=" " ind2=" " tag="336"><subfield code="b">txt</subfield><subfield code="2">rdacontent</subfield></datafield><datafield ind1=" " ind2=" " tag="337"><subfield code="b">n</subfield><subfield code="2">rdamedia</subfield></datafield><datafield ind1=" " ind2=" " tag="338"><subfield code="b">nc</subfield><subfield code="2">rdacarrier</subfield></datafield><datafield ind1="1" ind2=" " tag="490"><subfield code="a">Ashgate Keeling series in ancient philosophy</subfield></datafield><datafield ind1=" " ind2=" " tag="504"><subfield code="a">Includes bibliographical references and indexes</subfield></datafield><datafield ind1=" " ind2="7" tag="650"><subfield code="a">4e siècle av. J.-C.</subfield><subfield code="0">(IDREF)027805530</subfield><subfield code="2">idref</subfield></datafield><datafield ind1=" " ind2="7" tag="650"><subfield code="a">Philosophie grecque</subfield><subfield code="0">(IDREF)027284573</subfield><subfield code="2">idref</subfield></datafield><datafield ind1=" " ind2="7" tag="650"><subfield code="a">Philosophie</subfield><subfield code="z">griechische</subfield><subfield code="2">idsbb</subfield></datafield><datafield ind1=" " ind2="0" tag="650"><subfield code="a">Philosophy, Ancient</subfield></datafield><datafield ind1=" " ind2="7" tag="650"><subfield code="a">Philosophie</subfield><subfield code="2">idszbz</subfield></datafield><datafield ind1=" " ind2="7" tag="650"><subfield code="a">Philosophie</subfield><subfield code="0">(DE-588)4045791-6</subfield><subfield code="2">gnd</subfield></datafield><datafield ind1=" " ind2="0" tag="650"><subfield code="a">Philosophy, Ancient</subfield><subfield code="v">Congresses</subfield></datafield><datafield ind1=" " ind2="7" tag="651"><subfield code="a">Griechenland (Altertum)</subfield><subfield code="2">idszbz</subfield></datafield><datafield ind1=" " ind2="7" tag="655"><subfield code="a">[Études diverses]</subfield><subfield code="0">(RERO)A022249905</subfield><subfield code="2">rero</subfield></datafield><datafield ind1=" " ind2="7" tag="655"><subfield code="a">Aufsatzsammlung</subfield><subfield code="2">idszbz</subfield></datafield><datafield ind1=" " ind2="7" tag="655"><subfield code="a">Aufsatzsammlung</subfield><subfield code="2">gnd-content</subfield></datafield><datafield ind1="2" ind2=" " tag="711"><subfield code="a">Stanley Victor Keeling Memorial Lectures</subfield><subfield code="d">1992-2002</subfield><subfield code="c">London</subfield><subfield code="0">(RERO)A012392595</subfield></datafield><datafield ind1=" " ind2=" " tag="830"><subfield code="a">Ashgate Keeling series in ancient philosophy</subfield><subfield code="w">(RERO)R003033167-41slsp</subfield></datafield><datafield ind1=" " ind2=" " tag="900"><subfield code="a">REROnoselfmerge</subfield></datafield><datafield ind1=" " ind2=" " tag="900"><subfield code="a">IDSZ2zbzmon200310f</subfield><subfield code="c">IDSZ2kelr</subfield><subfield code="d">IDSZ2zbzswk200310b</subfield><subfield code="e">IDSZ2baur</subfield></datafield></record>
</metadata></record>