<record><header><identifier>oai:alma.41SLSP_UGE:991000801979705502</identifier><datestamp>2023-03-27T00:18:02Z</datestamp><setSpec>uge_bcen_RapidILL_BOOK</setSpec><setSpec>uge_aaca_RapidILL_BOOK</setSpec><setSpec>uge_abels_RapidILL_BOOK</setSpec><setSpec>uge_dbu_RapidILL_BOOK</setSpec><setSpec>uge_cmu_RapidILL_BOOK</setSpec><setSpec>uge_mail_RapidILL_BOOK</setSpec><setSpec>uge_abbat_RapidILL_BOOK</setSpec><setSpec>UNIGE_ALL</setSpec><setSpec>uge_aobs_RapidILL_BOOK</setSpec><setSpec>uge_acar_RapidILL_BOOK</setSpec></header><metadata>
<record xmlns="http://www.loc.gov/MARC21/slim" xmlns:xsi="http://www.w3.org/2001/XMLSchema-instance" xsi:schemaLocation="http://www.loc.gov/MARC21/slim http://www.loc.gov/standards/marcxml/schema/MARC21slim.xsd"><leader>02050nam a2200481 c 4500</leader><controlfield tag="001">991000801979705502</controlfield><controlfield tag="005">20230325210517.0</controlfield><controlfield tag="008">201011s2004    it ||||| |||| 00| ||ita d</controlfield><datafield ind1=" " ind2=" " tag="020"><subfield code="a">8817004197</subfield></datafield><datafield ind1=" " ind2=" " tag="035"><subfield code="a">(swissbib)220553785-41slsp_network</subfield></datafield><datafield ind1=" " ind2=" " tag="035"><subfield code="a">220553785</subfield><subfield code="9">ExL</subfield></datafield><datafield ind1=" " ind2=" " tag="035"><subfield code="a">(RERO)R003805605-41slsp</subfield></datafield><datafield ind1=" " ind2=" " tag="035"><subfield code="a">(NEBIS)008917121EBI01</subfield></datafield><datafield ind1=" " ind2=" " tag="035"><subfield code="a">(EXLNZ-41SLSP_NETWORK)991086041599705501</subfield></datafield><datafield ind1=" " ind2=" " tag="040"><subfield code="a">RERO geulit</subfield><subfield code="d">CH-ZuSLS</subfield></datafield><datafield ind1="1" ind2=" " tag="041"><subfield code="a">ita</subfield><subfield code="a">lat</subfield><subfield code="a">fre</subfield><subfield code="a">eng</subfield><subfield code="a">spa</subfield><subfield code="a">por</subfield><subfield code="h">lat</subfield><subfield code="h">fre</subfield><subfield code="h">eng</subfield><subfield code="h">spa</subfield><subfield code="h">por</subfield></datafield><datafield ind1=" " ind2="7" tag="072"><subfield code="a">lc</subfield><subfield code="2">rero</subfield></datafield><datafield ind1=" " ind2="7" tag="072"><subfield code="a">it</subfield><subfield code="2">rero</subfield></datafield><datafield ind1="0" ind2="0" tag="245"><subfield code="a">Lirici europei del Cinquecento</subfield><subfield code="b">ripensando la poesia del Petrarca</subfield><subfield code="c">a cura di Gian Mario Anselmi ... [et al.] ; con pagine di Roberto Roversi e Martin Rueff</subfield></datafield><datafield ind1=" " ind2="1" tag="264"><subfield code="a">Milano</subfield><subfield code="b">Biblioteca Universale Rizzoli</subfield><subfield code="c">2004</subfield></datafield><datafield ind1=" " ind2=" " tag="300"><subfield code="a">1366 p.</subfield><subfield code="c">18 cm</subfield></datafield><datafield ind1=" " ind2=" " tag="336"><subfield code="b">txt</subfield><subfield code="2">rdacontent</subfield></datafield><datafield ind1=" " ind2=" " tag="337"><subfield code="b">n</subfield><subfield code="2">rdamedia</subfield></datafield><datafield ind1=" " ind2=" " tag="338"><subfield code="b">nc</subfield><subfield code="2">rdacarrier</subfield></datafield><datafield ind1="1" ind2=" " tag="490"><subfield code="a">BUR classici</subfield></datafield><datafield ind1="0" ind2=" " tag="505"><subfield code="a">Parte 1: Nella selva del petrarchismo italiano / a cura di Gian Mario Anselmi e Giorgio Forni</subfield></datafield><datafield ind1="0" ind2=" " tag="505"><subfield code="a">Parte 2: Sguardi ai petrarchismi europei / a cura di Keir Elam e Davide Monda (textes en langue originale avec trad. italienne en regard)</subfield></datafield><datafield ind1="0" ind2="7" tag="600"><subfield code="a">Pétrarque - influence exercée</subfield><subfield code="0">(RERO)A010130943</subfield><subfield code="2">rero</subfield></datafield><datafield ind1=" " ind2="7" tag="648"><subfield code="a">Geschichte 1400-1500</subfield><subfield code="2">gnd</subfield></datafield><datafield ind1=" " ind2="7" tag="650"><subfield code="a">Pétrarquisme</subfield><subfield code="0">(IDREF)027462498</subfield><subfield code="2">idref</subfield></datafield><datafield ind1=" " ind2="7" tag="650"><subfield code="a">Poésie européenne</subfield><subfield code="0">(IDREF)027809129</subfield><subfield code="2">idref</subfield></datafield><datafield ind1=" " ind2="7" tag="650"><subfield code="a">16e siècle</subfield><subfield code="0">(IDREF)027794520</subfield><subfield code="2">idref</subfield></datafield><datafield ind1=" " ind2="7" tag="650"><subfield code="a">Poésie italienne</subfield><subfield code="0">(IDREF)027809781</subfield><subfield code="2">idref</subfield></datafield><datafield ind1=" " ind2="7" tag="650"><subfield code="a">Lyrik</subfield><subfield code="0">(DE-588)4036774-5</subfield><subfield code="2">gnd</subfield></datafield><datafield ind1=" " ind2="7" tag="655"><subfield code="a">Anthologies</subfield><subfield code="0">(IDREF)027269493</subfield><subfield code="2">idref</subfield></datafield><datafield ind1=" " ind2="7" tag="655"><subfield code="a">Anthologie</subfield><subfield code="2">gnd-content</subfield></datafield><datafield ind1="1" ind2=" " tag="700"><subfield code="a">Forni, Giorgio</subfield><subfield code="d">1966-....</subfield><subfield code="0">(IDREF)061421634</subfield></datafield><datafield ind1="1" ind2=" " tag="700"><subfield code="a">Elam, Keir</subfield><subfield code="0">(RERO)A000056969</subfield></datafield><datafield ind1="1" ind2=" " tag="700"><subfield code="a">Monda, Davide</subfield><subfield code="0">(IDREF)087397927</subfield></datafield><datafield ind1="1" ind2=" " tag="700"><subfield code="a">Roversi, Roberto</subfield><subfield code="0">(RERO)A003766797</subfield></datafield><datafield ind1="1" ind2=" " tag="700"><subfield code="a">Anselmi, Gian Mario</subfield><subfield code="d">1947-</subfield><subfield code="0">(DE-588)174073224</subfield><subfield code="6">880-06</subfield></datafield><datafield ind1="1" ind2=" " tag="880"><subfield code="6">700-06</subfield><subfield code="a">Anselmi, Gian Mario</subfield><subfield code="d">1947-....</subfield><subfield code="0">(IDREF)026687852</subfield></datafield><datafield ind1=" " ind2=" " tag="830"><subfield code="a">BUR Classici moderni</subfield><subfield code="w">(RERO)0898661-41slsp</subfield></datafield><datafield ind1=" " ind2=" " tag="900"><subfield code="a">REROnoselfmerge</subfield></datafield><datafield ind1=" " ind2=" " tag="993"><subfield code="a">BFLA 178643</subfield><subfield code="x">ge/ulit/a/05/27</subfield><subfield code="9">LOCAL</subfield></datafield></record>
</metadata></record>